2684 3832
1284 164 1340 208 13

114 331 348 375 divitiarum
377 343 401 371 a
426 328 641 381 Lysandro
672 329 858 382 Spartam
883 329 1138 369 advectarum
1163 326 1391 378 affluentia,
1434 329 1505 369 sed
1535 328 1575 369 in
1616 329 1775 369 turbata
1811 341 2005 381 agrorum
2034 330 2269 381 aequalitate
2301 331 2416 372 initia
2451 338 2491 372 et

113 411 262 441 causac
299 396 535 437 calamitatis
576 394 788 449 paullatim
830 395 871 434 in
902 394 1310 435 Lacedaemoniorum
1335 407 1419 434 rem
1463 394 1664 448 publicam
1706 396 1914 449 irrepentis
1946 396 2192 450 quaerendae
2223 405 2337 438 sunt:
2366 397 2416 439 de
2444 412 2491 438 ea

113 465 242 520 igitur
269 463 467 516 reliquum
497 467 557 501 est
587 467 631 501 ut
660 474 781 514 quam
809 460 895 501 fieri
921 460 1050 513 possit
1072 458 1370 500 accuratissime
1398 460 1655 502 disseramus.

217 530 307 571 Una
329 541 455 583 neque
479 541 526 569 ea
547 526 753 568 levissima
778 526 961 568 turbatae
984 524 1230 579 aequalitatis
1257 536 1377 566 causa
1404 539 1428 566 a
1455 539 1560 568 nova
1588 526 1638 567 ab
1667 538 1765 580 rege
1793 526 1992 578 Polydoro
2020 535 2111 580 post
2137 528 2310 580 primum
2342 530 2488 572 bellum

109 596 361 638 Messeniam
390 594 578 635 inchoata
604 606 796 646 agrorum
822 592 1103 634 distributione
1132 591 1348 645 repetenda
1377 598 1449 631 est.
1500 591 1552 633 Ut
1573 592 1676 633 enim
1692 592 1808 632 facile
1836 592 2049 632 concedam
2079 593 2324 647 Polydorum
2354 609 2487 649 regem

111 674 281 705 numero
310 661 528 703 fundorum
553 664 671 700 aucto
699 670 745 699 ac
778 658 862 700 fere
898 657 1123 711 duplicato,
1160 669 1278 712 quum
1316 657 1465 699 civium
1506 670 1663 712 quoque
1700 669 1907 699 numerum
1947 658 2084 699 eadem
2122 660 2273 701 ratione
2306 661 2483 703 crevisse

110 728 309 781 sciamus,
342 740 422 770 non
457 731 563 767 recte
599 724 679 766 dici
716 722 1010 780 inaequalitatis
1049 724 1091 764 in
1119 723 1296 779 Lycurgi
1339 735 1423 763 rem
1461 723 1658 777 publicam
1695 723 2000 765 introducendae
2035 737 2245 767 suasorem
2288 728 2412 770 fuisse
2449 735 2488 770 et

110 800 330 847 auctorem,
361 793 506 847 quippe
522 792 678 847 quibas
706 803 800 832 suas
828 798 958 832 sortes
981 796 1019 831 et
1046 790 1235 844 aequales
1266 789 1370 830 inter
1385 802 1427 830 sc
1443 797 1480 831 et
1495 790 1668 845 antiquis
1695 790 1777 831 illis
1797 790 2016 845 Lycurgeis
2047 807 2166 846 pares
2187 806 2276 833 esse
2293 795 2485 838 voluerit:

108 867 244 902 tamen
289 873 389 914 quae
447 860 487 898 in
524 858 697 912 quinque
726 858 889 898 milibus
926 870 1115 910 agrorum
1162 856 1317 896 servari
1363 863 1550 909 potuerat
1597 858 1845 910 singularum
1896 858 2071 909 partium
2122 866 2207 899 tum
2245 863 2479 914 aequalitas,

110 932 197 967 tum
225 924 438 965 earundem
463 923 504 963 in
533 923 705 976 singulis
744 923 910 963 familiis
939 922 1214 976 possessionis
1243 922 1484 963 diuturnitas
1510 934 1557 963 ac
1584 924 1840 976 perpetuitaS,
1870 936 1916 963 ea
1946 924 2148 976 duplicato
2173 938 2339 967 numero
2368 940 2485 981 aegre

108 989 432 1044 retinebatur.4⁰)
487 989 623 1031 Multo
652 989 758 1031 enim
786 988 945 1030 facilius
973 995 1090 1030 aucto
1118 987 1336 1029 fundorum
1364 1000 1556 1039 numero,
1586 989 1794 1031 imminuta
1823 1003 1919 1031 vero
1948 990 1998 1030 de
2039 1002 2114 1043 qua
2156 991 2264 1032 infra
2308 992 2485 1035 dicemus

109 1056 315 1099 hominum
344 1054 591 1098 multitudine
618 1054 702 1096 fieri
729 1054 869 1108 potuit,
900 1060 940 1095 ut
968 1054 1150 1110 singulae
1173 1054 1351 1095 familiae
1379 1053 1495 1094 binos
1523 1065 1649 1106 agros
1678 1056 1914 1109 acciperent,
1955 1056 2101 1109 quibus
2131 1057 2352 1097 coniunctis
2380 1059 2483 1100 aliae

109 1135 208 1178 prae
235 1123 330 1163 aliis
357 1120 672 1170 ditescerent.⁴¹)
728 1121 780 1161 Ut
807 1121 906 1161 nihil
936 1121 1079 1172 dicam,
1108 1120 1213 1176 quod
1241 1120 1367 1160 multo
1396 1119 1516 1160 latior
1544 1120 1731 1160 fortunae
1759 1120 2106 1161 vicissitudinibus
2133 1123 2291 1173 patebat
2318 1136 2483 1177 campus

109 1191 199 1231 sive
228 1189 431 1230 hominum
473 1188 725 1228 multitudine
763 1194 927 1240 praeter
953 1188 1119 1228 modum
1152 1187 1390 1238 imminuta,
1441 1187 1527 1226 sive
1557 1187 1713 1239 imperii
1754 1186 1899 1226 linibus
1930 1188 2144 1228 contractis
2187 1189 2249 1228 vel
2290 1203 2482 1242 agrorum

110 1256 253 1312 spatiis
281 1256 334 1296 ad
361 1255 556 1296 minorem
581 1255 744 1296 modum
763 1254 951 1307 redactis,
980 1255 1066 1295 sive
1095 1266 1285 1309 agrorum
1306 1261 1501 1307 proventu
1523 1254 1628 1293 mala
1656 1260 1888 1306 tempestate
1908 1254 1973 1292 vel
1991 1254 2071 1293 alia
2090 1253 2288 1294 calmitate
2316 1258 2482 1309 amisso,

108 1336 230 1375 quam
262 1323 302 1362 in
331 1321 491 1361 modico
517 1320 585 1373 qui
612 1326 703 1360 ante
731 1319 975 1372 Polydorum
1000 1326 1084 1361 erat
1111 1317 1266 1372 κλήρων
1294 1334 1472 1361 numero.

224 1386 479 1439 Quamquam
509 1399 562 1427 ex
588 1383 863 1438 hacPolydori
888 1385 1146 1428 innovatione
1174 1386 1304 1428 multo
1328 1386 1448 1439 plura
1468 1385 1571 1427 mala
1592 1386 1780 1426 exsistere
1796 1383 1987 1438 potuisse,
2019 1397 2135 1438 quam
2159 1398 2255 1439 quae
2276 1399 2372 1430 vere
2388 1397 2479 1432 nata

108 1457 215 1506 sunt,
245 1451 335 1506 quis
362 1450 514 1506 neget?
569 1449 677 1501 Quae
705 1450 809 1494 enim
836 1463 882 1494 ea
909 1456 1034 1494 aetate
1062 1451 1170 1494 facta
1192 1463 1280 1494 esse
1305 1451 1472 1494 traditur
1508 1463 1644 1494 rerum
1674 1450 1896 1503 conversio,
1928 1462 1974 1493 ea
1998 1450 2039 1493 in
2070 1456 2178 1494 tanta
2206 1451 2478 1498 Lacedaemo-

106 1519 268 1562 niorum
304 1516 558 1571 simplicitate
585 1523 629 1559 et
662 1516 887 1570 innocentia
911 1522 1030 1572 atque
1069 1516 1214 1571 pietate
1242 1530 1335 1572 erga
1370 1518 1504 1559 omnia
1543 1529 1799 1571 quaecunque
1835 1530 1858 1557 a
1887 1517 2065 1571 patribus
2093 1527 2326 1572 acceperant
2353 1533 2478 1576 neque

109 1596 255 1639 magna
284 1595 372 1625 esse
397 1588 552 1638 poterat
594 1595 722 1639 neque
760 1582 959 1625 diuturna.
1033 1582 1186 1625 Mansit
1224 1592 1317 1638 post
1353 1584 1603 1639 Polydorum
1640 1584 1792 1637 integer
1829 1595 1909 1624 non
1947 1591 2092 1623 auctus
2129 1596 2201 1623 nec
2240 1585 2475 1628 imminutus

110 1651 259 1691 civium
285 1662 493 1701 numerus,
523 1663 639 1703 quem
666 1662 861 1703 nusquam
889 1649 1004 1689 novis
1032 1650 1215 1698 milibus,
1250 1664 1350 1704 quae
1377 1651 1430 1690 ad
1459 1651 1573 1690 illum
1602 1663 1736 1702 regem
1762 1657 1967 1702 tamquam
1999 1658 2196 1689 auctorem
2226 1666 2342 1692 suum
2370 1656 2473 1695 rese-

110 1723 275 1767 runtur,
305 1717 494 1756 maiorem
523 1717 649 1756 fuisse
671 1716 921 1769 accepimus,
962 1719 1067 1756 stetit
1096 1729 1186 1756 cum
1216 1717 1375 1769 antiqua
1403 1716 1554 1769 patriae
1589 1717 1752 1756 caritate
1785 1722 1821 1754 et
1852 1716 1993 1755 bellica
2034 1717 2178 1757 virtute
2207 1718 2319 1759 firma
2353 1735 2475 1775 usque

108 1783 161 1823 ad
190 1783 295 1823 bella
323 1782 534 1823 Persarum
563 1783 742 1836 Lycurgi
770 1782 996 1835 disciplina,
1023 1783 1098 1823 suit
1127 1782 1295 1836 denique
1323 1783 1458 1823 eadem
1488 1795 1585 1835 quae
1614 1789 1728 1823 antea
1754 1781 1880 1822 suerat
1908 1795 2098 1835 agrorum
2132 1786 2435 1841 aequalitas.⁴²)

201 2027 345 2058 divitem
372 2035 513 2058 uxorem
541 2025 631 2066 inopi
656 2026 834 2069 praetulit,
860 2026 1098 2064 Achemxltt,
1123 2025 1168 2056 20
1193 2025 1253 2067 in„
1278 2029 1314 2058 et
1337 2026 1440 2058 liliam
1457 2027 1632 2066 Lysandri
1657 2036 1805 2067 sponsus
1829 2031 1970 2067 propter
1995 2032 2230 2067 paupertatem
2256 2033 2469 2071 repudiavit.

200 2081 339 2118 Aelian.
365 2085 451 2120 Var.
477 2085 567 2118 nist.
591 2086 656 2128 vl,
683 2085 715 2118 4.
804 2078 810 2085 ’

133 2159 187 2203 ⁴0)
203 2161 350 2193 Multum
374 2161 474 2193 abest
502 2164 539 2194 ut
565 2161 816 2194 distributionis
840 2161 937 2193 cuius
962 2159 1155 2200 Polydorus
1179 2161 1301 2193 auctor
1327 2160 1395 2193 fuit
1420 2162 1564 2193 eandem
1592 2161 1764 2193 rationem
1798 2169 1877 2193 esse
1910 2162 2063 2194 dicamus
2103 2167 2210 2203 atque
2246 2163 2337 2197 illius
2372 2175 2464 2206 quae

201 2217 245 2251 ab
269 2218 384 2262 Agide
409 2222 443 2252 et
468 2218 655 2253 Cleomene
680 2220 825 2261 regibus
858 2220 923 2251 sub
955 2218 1057 2252 tinem
1089 2219 1185 2259 primi
1218 2216 1297 2252 belli
1321 2218 1442 2252 Punici
1475 2219 1567 2251 facta
1598 2222 1661 2251 est.
1710 2219 1752 2250 Hi
1777 2219 1867 2251 euim
1900 2223 1936 2251 ut
1966 2221 2065 2251 malis
2090 2222 2309 2255 mederentur
2334 2233 2423 2265 quae
2449 2234 2470 2257 a

199 2277 376 2317 paucitate
392 2277 518 2308 civium
535 2278 584 2309 rei
610 2278 766 2319 publicae
795 2278 1028 2319 imminebant,
1053 2278 1228 2317 perioecos
1253 2277 1288 2307 in
1314 2278 1492 2308 civitatem
1520 2278 1731 2315 recipiebant
1755 2276 1866 2315 iisque
1892 2285 2012 2316 parem
2038 2287 2116 2309 cum
2140 2278 2276 2311 civibus
2302 2291 2469 2325 agrorum

198 2337 335 2368 modum
361 2336 600 2377 assignabant.
647 2336 809 2374 Polydori
835 2337 949 2367 autem
975 2339 1090 2367 aetate
1115 2336 1162 2366 ita
1187 2335 1314 2366 civium
1343 2335 1450 2375 copiis
1473 2345 1529 2365 res
1554 2336 1690 2374 publica
1716 2336 1880 2375 florebat,
1907 2337 1945 2365 ut
1968 2338 2173 2368 Parthenios
2205 2340 2358 2379 ipsorum
2384 2351 2469 2372 san-

195 2394 307 2437 guine
332 2397 446 2437 natm,
472 2394 599 2435 quippe
623 2403 708 2433 quos
733 2394 877 2425 Aristot.
902 2393 1004 2424 Polit.
1030 2394 1077 2435 V,
1103 2393 1138 2433 6,
1165 2391 1183 2423 1
1210 2388 1247 2424 ἐκ
1273 2393 1343 2424 τῶν
1368 2385 1500 2436 ὁμοίων
1527 2393 1637 2424 fuisse
1661 2391 1753 2431 dicit,
1777 2392 1810 2424 in
1836 2392 2007 2425 coloniam
2024 2393 2212 2428 mitterent.
2262 2398 2347 2430 Turn
2377 2400 2467 2431 enim

195 2452 227 2484 si
255 2460 322 2492 quo
348 2452 414 2485 alio
437 2456 592 2493 tempore
620 2454 722 2485 erant
746 2453 865 2484 decem
891 2452 1141 2492 Spartanorum
1166 2452 1276 2493 milia,
1302 2451 1425 2491 quibus
1449 2451 1643 2491 Polydorus
1668 2450 1859 2483 fundorum
1883 2462 2059 2484 numerum
2085 2462 2236 2494 aequare
2260 2458 2379 2488 voluit.

127 2530 185 2568 ⁴¹)
198 2531 558 2562 Lacedaemoniorum
574 2532 663 2563 enim
677 2531 861 2571 republica
878 2531 1097 2561 decrescente
1114 2532 1149 2561 et
1163 2530 1207 2560 ad
1224 2530 1401 2561 interitum
1420 2530 1587 2570 vergente
1605 2529 1635 2560 si
1652 2530 1752 2568 plura
1769 2530 1974 2568 patrimonia
1990 2532 2208 2572 singulorum
2223 2542 2464 2573 possessorum

194 2598 276 2620 esse
302 2592 500 2628 coeperunt,
525 2589 560 2620 id
584 2597 653 2620 non
678 2596 816 2628 semper
838 2588 978 2619 licentia
1002 2588 1148 2626 quadam
1174 2588 1347 2627 nimiaque
1380 2588 1414 2619 in
1443 2587 1627 2619 heredibus
1648 2587 1842 2618 scribendis
1866 2589 2028 2620 libertate
2054 2590 2186 2622 factum
2210 2601 2286 2623 esse
2312 2593 2465 2636 videtur,

195 2647 259 2679 sed
285 2647 455 2679 hominum
481 2647 667 2690 paucitate,
693 2656 796 2686 quum
820 2656 887 2679 non
912 2648 982 2678 tam
1007 2646 1213 2685 patrimonia
1237 2646 1494 2686 possessoribus
1518 2654 1618 2683 quam
1642 2653 1867 2684 possessores
1884 2644 2102 2686 patrimoniis
2120 2650 2308 2688 quaerendi
2331 2654 2465 2686 essent.

194 2703 329 2737 Multae
347 2704 505 2747 Lycurgi
524 2705 627 2747 leges
642 2705 778 2738 maiora
793 2715 869 2738 eum
885 2704 1040 2746 pericula
1056 2703 1193 2735 civitati
1210 2712 1231 2734 a
1249 2704 1426 2745 paucitate
1452 2703 1578 2734 civium
1603 2711 1704 2741 quam
1729 2712 1749 2733 a
1773 2704 1877 2734 nimia
1901 2703 2125 2737 multitudine
2149 2707 2302 2738 timuisse
2325 2709 2465 2740 docent.

194 2761 284 2793 Nam
310 2764 348 2793 ut
374 2763 418 2793 de
442 2769 487 2793 ea
510 2763 590 2804 lege
615 2766 759 2802 taceam,
784 2772 885 2801 quam
914 2762 1076 2801 Xenoph.
1103 2762 1148 2793 de
1174 2764 1226 2794 Re
1251 2763 1342 2801 publ.
1372 2763 1455 2793 Lac.
1481 2760 1515 2800 1,
1540 2761 1562 2791 7
1587 2764 1839 2799 commemorat,
1868 2772 1956 2800 quae
1982 2763 2157 2795 civitatem
2183 2774 2249 2796 non
2277 2768 2347 2796 tam
2373 2774 2461 2805 pro-

193 2820 301 2862 genie
331 2828 434 2859 quam
458 2820 590 2852 virtute
615 2824 650 2852 et
677 2820 816 2852 liberali
840 2820 1044 2852 educatione
1069 2820 1246 2851 aestimari
1271 2820 1395 2860 vellet,
1431 2818 1692 2858 spui-lorumque
1718 2821 1775 2850 vel
1800 2821 2002 2851 Helotarum
2029 2822 2064 2852 in
2089 2823 2265 2854 civitatem
2289 2824 2466 2863 recipien-

190 2879 314 2911 dorum
341 2879 485 2911 liberam
511 2881 718 2919 potestatem
744 2880 852 2919 daret,
877 2878 934 2918 qui
959 2870 1117 2921 μόθακες
1143 2876 1431 2918 appellabantur:
1459 2877 1649 2919 Lycurgus
1672 2875 1784 2909 multo
1810 2877 1923 2921 inagis
1951 2878 2104 2921 timebat,
2131 2888 2174 2910 ne
2206 2879 2301 2911 cives
2328 2881 2463 2921 patriae

193 2936 376 2976 deessent,
416 2944 517 2976 quam
550 2947 593 2968 ne
635 2939 728 2976 quod
769 2938 821 2969 rei
856 2937 1013 2977 publicae
1051 2936 1295 2967 detrimentum
1326 2945 1346 2966 a
1378 2935 1480 2965 nimio
1513 2935 1638 2965 civium
1672 2943 1814 2967 numero
1848 2937 2051 2968 immineret.
2112 2939 2325 2969 Felicissima
2356 2940 2466 2981 igitur

190 2995 405 3037 Lycurgeae
438 2996 490 3028 rei
522 2995 682 3035 publicae
721 2995 881 3028 condicio
914 3004 996 3035 prae
1020 2993 1148 3026 nostris
1181 2997 1348 3034 quotquot
1371 2993 1452 3025 sunt
1483 2991 1698 3036 civitatibus,
1725 3002 1812 3033 quae
1838 2994 2008 3027 hominum
2043 2994 2158 3036 copias
2192 3004 2260 3036 quo
2286 2999 2461 3031 terrarum

191 3051 365 3084 deducant
390 3053 568 3085 nesciunt.

124 3126 180 3165 ⁴²)
194 3127 444 3167 Spartanorum
476 3129 534 3169 qui
560 3130 604 3160 ad
630 3129 758 3160 bellum
782 3137 862 3161 cum
889 3130 1075 3162 Mardonio
1099 3129 1292 3171 gerendum
1316 3129 1467 3169 profecti
1491 3132 1593 3160 erant
1620 3130 1778 3171 singulos
1803 3131 1969 3170 septenos
1995 3139 2112 3160 secum
2138 3131 2285 3162 duxisse
2310 3132 2459 3163 Helotas

187 3186 385 3215 Herodotus
409 3184 475 3227 lx,
504 3187 552 3218 28
581 3190 700 3217 auctor
724 3190 797 3229 est:
831 3195 918 3224 quos
952 3197 1056 3223 quum
1090 3198 1158 3219 una
1184 3198 1260 3218 cuin
1285 3188 1381 3228 agris
1406 3197 1426 3218 a
1451 3188 1606 3226 patribus
1632 3188 1830 3219 hereditate
1858 3188 2037 3225 accepisse
2061 3190 2215 3229 constet,
2250 3189 2280 3220 si
2304 3199 2371 3226 qua
2394 3190 2461 3220 iam

186 3243 259 3275 tum
284 3244 361 3276 erat
385 3245 644 3284 possessionum
668 3244 915 3287 inaequalitas,
941 3254 983 3277 ea
1005 3245 1075 3278 nisi
1101 3244 1191 3278 levis
1217 3247 1254 3278 et
1283 3245 1470 3288 perexigua
1494 3254 1572 3278 esse
1598 3255 1664 3278 non
1691 3244 1817 3286 potuit..
1866 3247 1981 3286 Atque
2014 3254 2056 3278 ea
2080 3246 2276 3286 calamitas,
2309 3255 2377 3287 qua
2402 3256 2462 3288 per

183 3300 438 3332 Messeniorum
469 3302 701 3335 desectionem
725 3304 788 3334 sub
825 3302 969 3335 alterius
1001 3303 1081 3335 belli
1117 3303 1284 3335 Messenii
1318 3303 1415 3334 initia
1445 3303 1715 3335 Lacedaemonii
1747 3305 1922 3335 laborasse
1958 3303 2154 3344 narrantur,
2179 3312 2221 3335 ea
2246 3313 2313 3336 non
2337 3306 2382 3336 ab
2404 3306 2461 3336 in-

2178 3362 2197 3383 4
