2684 3832
1298 244 1356 287 10

127 412 368 468 suspicatur,
394 411 460 466 qui
490 423 606 464 quum
636 408 788 461 publici
816 415 962 458 essent,
988 406 1174 448 omnibus
1205 412 1396 460 quotquot
1423 407 1505 448 nati
1522 411 1654 447 essent
1681 407 1818 461 pueris
1843 407 2041 462 assignari
2061 407 2310 463 possentffl)
2365 411 2504 452 Aliam

127 479 400 533 expediendae
426 475 670 516 difficultatis
713 475 817 514 viam
847 474 994 515 Mauso
1020 477 1229 527 ingressus
1268 480 1347 523 est,
1392 473 1457 526 qui
1489 473 1695 513 Plutarchi
1739 474 1864 514 verba
1895 474 1950 514 ita
1985 475 2026 515 in
2067 482 2250 517 nostrum
2286 488 2508 518 sermonem

127 545 341 593 convertit,
368 550 410 582 ut
439 540 609 581 tribules
638 552 808 592 puerum
838 541 916 580 sibi
944 540 1155 592 probatum
1185 539 1348 592 dignum
1381 538 1577 580 iudicasse
1604 539 1724 588 dicat,
1753 540 1804 580 ad
1831 552 1944 593 quem
1970 553 2072 581 unus
2101 555 2148 582 ex
2177 543 2240 583 his
2268 544 2405 584 fundis
2434 545 2507 585 ali·

126 612 284 665 quando
312 609 544 655 deterretur,
572 620 672 659 quae
697 607 971 659 interpretatio
996 619 1139 646 vereor
1158 619 1208 645 ne
1228 618 1310 645 non
1325 604 1462 644 multis
1481 603 1767 657 probaui-32⁸)
1794 606 1865 646 alii
1888 606 2056 659 denique
2074 621 2230 649 omnem
2248 610 2507 651 Plutarcheae

125 674 347 719 narrationi
362 672 480 715 fidem
495 672 753 726 abrogarunt,
782 671 1000 726 Perperam
1026 672 1086 713 illi
1109 671 1290 726 quidem:
1321 684 1412 712 nam
1440 671 1770 724 diligentissimus
1792 672 2045 725 antiquarum
2064 687 2196 716 rerum
2218 683 2504 729 perscrutator,

128 745 196 799 qui
220 749 278 783 tot
301 741 477 782 saeculis
505 746 594 793 post
621 738 854 792 Lycurgum
882 739 1000 787 vixit,
1032 738 1067 779 si
1096 736 1245 790 aliquid
1270 741 1338 777 aut
1362 736 1491 777 minus
1518 743 1624 778 recte
1648 737 1748 778 vidit
1777 744 1843 779 aut
1872 750 1954 779 non
1982 740 2082 780 satis
2110 748 2292 783 accurate
2318 742 2506 796 explicat,

126 822 206 852 non
236 822 283 850 ea
322 806 371 848 de
412 820 532 848 causa
569 806 859 848 existimandus
896 812 955 846 est
986 803 1086 846 nihil
1114 802 1275 843 vidisse.
1334 801 1629 856 comprobatur
1658 811 1861 856 praeterea
1891 812 1929 846 et
1962 804 2144 849 firmatur
2170 807 2371 851 Plutarchi
2408 808 2506 850 fides

124 875 288 931 Poly-bii
342 872 647 925 locupletissimi
695 873 809 913 testis
852 873 954 912 idem
1000 870 1202 911 narrantis
1239 869 1558 923 auctoritates-W)
1613 870 1753 923 Neque
1792 884 1882 911 eum
1926 872 2134 927 quisquam
2181 875 2411 928 prudentius
2454 876 2504 916 ab

129 943 240 984 omni
260 940 509 981 credulitatis
540 939 603 978 vel
634 939 833 979 caecitatis
863 938 1080 990 opprobrio
1107 935 1293 985 defendit,
1328 949 1443 987 quam
1473 937 1647 989 optimus
1675 943 1869 990 quotquot
1895 945 2034 980 nostra
2060 947 2188 981 aetate
2213 941 2349 982 vivunt
2366 942 2507 982 harum

126 1021 261 1049 rerum
298 1004 421 1046 iudex
451 1012 490 1044 et
521 1005 669 1044 arbiter
696 1004 973 1054 Hermannus‚
1010 1003 1077 1055 qui
1107 1015 1228 1055 quum
1257 1000 1394 1041 multis
1424 1002 1655 1042 nominibus
1684 1002 1943 1043 Plutarchum
1974 1007 2171 1046 erravisse
2195 1020 2274 1047 non
2303 1013 2438 1059 neget,
2466 1008 2508 1047 id

128 1082 260 1114 tamen
289 1071 414 1124 probe
435 1070 644 1111 tenendum
672 1083 759 1110 esse
787 1076 937 1118 censet,
967 1082 1047 1109 non
1074 1067 1233 1120 privato
1261 1066 1385 1108 ullius
1406 1068 1480 1107 viri
1502 1067 1673 1108 arbitrio
1701 1081 1773 1109 nec
1792 1068 1973 1109 fortunae
1998 1071 2156 1111 casibus
2185 1072 2362 1112 relictum
2384 1070 2506 1112 fuisse

129 1140 198 1196 qui
228 1140 267 1180 in
295 1151 445 1179 vacuos
475 1136 621 1178 fundos
652 1136 917 1183 succederent,
943 1135 1014 1175 sed
1043 1134 1249 1175 communi
1277 1146 1431 1181 eorum,
1461 1133 1529 1185 qui
1560 1140 1645 1175 tum
1678 1135 1931 1188 cognationis
1957 1136 2117 1179 vinculo
2146 1146 2228 1179 tum
2266 1137 2505 1190 religionum

129 1218 411 1257 sacrorumque
439 1203 676 1244 commercio
706 1202 906 1250 coniuncti
928 1209 1072 1251 essent,
1103 1213 1222 1240 curae
1243 1206 1281 1240 et
1309 1199 1509 1239 custodiae
1525 1201 1780 1253 permissum,
1809 1208 1854 1241 ut
1878 1201 2049 1253 pristina
2070 1215 2257 1255 agrorum
2276 1202 2507 1254 aequalitas,

130 1286 251 1326 quam
281 1279 319 1311 et
355 1272 483 1323 ipsam
513 1284 535 1310 a
567 1270 759 1322 Lycurgo
789 1282 862 1320 pro
907 1267 1185 1320 antiquissima
1226 1279 1330 1319 quae
1371 1264 1527 1305 Dorum
1574 1273 1659 1307 erat
1694 1267 1949 1319 simplicitate
1992 1276 2188 1309 servatam
2224 1269 2351 1322 magis
2391 1282 2505 1323 quam

126 1351 264 1378 recens
293 1338 493 1376 inventam
524 1342 560 1374 et
591 1334 760 1374 effictam
791 1345 917 1385 supra
944 1332 1130 1382 vidimus,
1162 1339 1394 1384 quantum
1425 1331 1552 1369 sieri
1581 1339 1761 1383 posset
1790 1332 2096 1386 servaretur.³⁰)

239 1402 355 1450 Quod
405 1400 603 1454 quomodo
645 1400 792 1439 factum
834 1400 885 1437 sit
927 1411 1043 1450 quum
1084 1397 1321 1437 Plutarchus
1360 1396 1486 1436 literis
1521 1396 1720 1436 custodire
1751 1399 2088 1450 praetermiserit,
2129 1400 2370 1440 divinatione
2395 1412 2505 1440 asse·

129 1469 196 1524 qui
234 1468 446 1517 debemus,
474 1465 594 1506 modo
623 1478 672 1504 ne
702 1477 799 1516 quae
829 1463 971 1502 leviter
998 1462 1114 1503 nobis
1141 1462 1388 1503 intuentibus
1417 1461 1467 1501 ad
1489 1461 1663 1516 aliquam
1683 1464 1861 1504 veritatis
1887 1464 2058 1516 speciem
2074 1466 2259 1506 accedere
2285 1465 2505 1517 videantur,

134 1550 181 1575 ea
209 1535 345 1575 statim
376 1541 416 1572 ut
445 1545 538 1571 vera
567 1537 605 1571 ct
633 1528 860 1570 indubitata
888 1527 1178 1580 laudemus.³¹)

237 1599 415 1640 Primum
446 1603 600 1638 veteres
629 1606 789 1642 omnes,
818 1592 964 1633 Graeci
993 1594 1141 1646 pariter
1169 1600 1284 1647 atque
1312 1593 1495 1643 Romani,
1526 1607 1681 1636 summo
1710 1593 1847 1637 studio
1876 1595 1916 1636 id
1946 1596 2130 1649 agebant,
2160 1602 2201 1639 ut
2236 1609 2331 1649 quae
2357 1596 2504 1649 optima

130 1668 332 1709 civitatum
371 1670 408 1703 et
449 1663 677 1703 firmissima
717 1661 978 1702 fundamenta
1014 1660 1112 1712 ipsis
1151 1673 1238 1700 esse
1268 1658 1522 1710 viderentur,
1564 1668 1700 1713 gentes
1728 1673 1775 1701 ac
1804 1661 1978 1702 familiae
2006 1664 2181 1715 integrae
2209 1671 2247 1705 et
2288 1670 2503 1716 perpetuae

130 1726 484 1782 servareiitur.³‘²)
543 1727 659 1775 Quod
689 1727 868 1767 studium
908 1740 931 1766 a
960 1726 1181 1766 maioribus
1209 1733 1410 1779 acceptum
1441 1733 1561 1780 atque
1588 1726 1687 1767 adeo
1722 1727 1896 1767 innatum
1927 1728 2117 1781 Spartani
2147 1730 2211 1783 pie
2239 1741 2285 1769 ac
2313 1729 2500 1782 religiose

156 1946 208 1983 ²⁷)
221 1947 383 1977 Pastoret
408 1942 558 1974 Histoire
584 1942 628 1973 de
655 1942 688 1973 la
712 1937 911 1983 le'gislation
939 1941 979 1975 Τ.
1007 1942 1055 1974 V.
1083 1949 1113 1980 p.
1138 1941 1219 1973 494.

156 2014 209 2054 ⁹⁸)
222 2016 347 2052 Sparta
370 2014 412 2056 T.
438 2013 462 2042 1.
488 2013 526 2042 P.
550 2011 584 2042 2.
611 2022 640 2049 p.
668 2010 746 2042 134.
782 2008 850 2041 Die
865 2009 973 2040 stelle
992 2008 1202 2049 Plutarch,
1228 2007 1285 2040 die
1309 2006 1447 2048 einziye
1467 2006 1525 2039 ‹la'e
1547 2007 1659 2049 dusiir
1680 2017 1729 2039 zu
1751 2009 1928 2047 sprec-hen
1951 2008 2105 2046 εεΙιείηΙ,
2133 2008 2180 2040 ist
2204 2008 2320 2041 niclals
2345 2008 2505 2050 weniyer

219 2072 276 2103 als
301 2067 555 2101 emsa-hemena
580 2067 654 2100 und
674 2067 771 2099 kann
796 2066 937 2110 fiiyliclt
963 2066 1143 2098 imm-seez!
1163 2067 1331 2099 werden.-
1354 2066 1505 2099 Fauden
1528 2065 1586 2098 die
1595 2065 1772 2099 Aellesten
1795 2067 1861 2099 der
1869 2066 1996 2109 Phyle,
2019 2067 2103 2099 dass
2127 2067 2192 2099 das
2218 2066 2316 2099 Kimi
2335 2069 2408 2110 fest
2434 2068 2506 2100 und

220 2128 327 2160 scm-1.-
350 2135 446 2167 war,
470 2135 512 2158 ευ
535 2124 699 2168 ῠεῙαΙιΙεη
722 2123 777 2157 sie
800 2134 837 2157 es
855 2134 903 2157 zu
922 2123 1090 2156 mielaen
1108 2125 1182 2156 und
1204 2124 1391 2157 erkldrlen
1415 2132 1453 2156 es
1476 2124 1542 2156 der
1560 2123 1786 2157 Theilnaltme
1809 2134 1854 2156 an
1871 2125 1938 2157 den
1961 2125 2210 2158 neuneausend
2220 2124 2359 2158 [ausen
2377 2126 2505 2159 wertlt.

158 2197 349 2240 ²⁹)Polyb.
376 2197 442 2237 vl,
469 2195 524 2234 45,
548 2194 584 2227 3.
610 2204 710 2233 quem
736 2196 851 2226 locum
877 2203 984 2234 supra
1005 2195 1075 2225 not.
1100 2194 1134 2225 8.
1161 2193 1422 2233 descripsimus.
1455 2191 1506 2225 De
1529 2188 1690 2237 πολιτικῇ
1713 2188 1815 2240 χώρᾳ
1840 2195 1870 2226 si
1894 2195 1969 2233 quis
1995 2199 2149 2237 quaerat,
2176 2195 2206 2226 is
2231 2196 2423 2227 monendus
2448 2199 2503 2228 est

222 2248 403 2287 πολιτικόν
430 2255 522 2291 apud
546 2253 730 2291 Polybium
756 2260 835 2283 esse
858 2253 948 2290 quod
975 2261 1041 2282 non
1066 2252 1207 2282 aliorum
1242 2252 1444 2289 quorumvis
1469 2253 1663 2290 hominum,
1695 2253 1757 2283 sed
1784 2253 1910 2282 civium
1936 2252 2001 2288 sit,
2040 2253 2147 2283 veluti
2185 2247 2361 2283 πολιτικοὶ
2393 2249 2504 2291 ἱππεῖς

222 2313 355 2351 equites
384 2319 427 2342 ex
453 2310 580 2340 civium
606 2318 748 2341 numero
773 2310 981 2350 conscripti,
1019 2318 1085 2340 non
1119 2309 1275 2340 mercede
1311 2309 1483 2341 conducti.
1532 2308 1590 2339 Sic
1614 2303 1776 2347 πολιτική
1802 2304 1906 2356 χώρα
1932 2318 2020 2351 ager
2045 2314 2102 2341 est
2128 2310 2262 2341 civibus
2291 2309 2504 2351 assignatus,

222 2381 289 2402 non
313 2369 498 2412 perioecis:
523 2377 624 2407 porro
648 2369 816 2406 quidquid·
837 2377 999 2408 agrorum
1028 2370 1212 2408 Lycurgus
1237 2368 1378 2408 regibus
1401 2367 1623 2406 praecipuum
1649 2366 1918 2407 assignaverat,
1945 2368 2035 2405 quod
2060 2369 2094 2398 in
2119 2369 2236 2398 multis
2262 2367 2503 2406 perioecorum

221 2429 354 2468 oppidis
369 2428 474 2459 situm
488 2426 600 2458 fuisse
615 2426 763 2468 legimus
790 2425 875 2468 (γῆν
889 2422 1062 2472 ἐξαίρετον
1086 2425 1243 2464 Xenoph.
1269 2426 1311 2456 de
1326 2426 1379 2457 Re
1393 2426 1484 2465 publ.
1509 2427 1591 2457 Lac.
1618 2425 1674 2466 15,
1699 2425 1745 2457 3..
1760 2426 2013 2458 numericorum
2038 2436 2158 2467 regum
2176 2423 2315 2467 τέμενος
2342 2422 2440 2457 lliad.
2463 2426 2499 2467 6,

224 2488 304 2520 194.
331 2487 395 2520 Od.
419 2487 454 2526 6,
478 2485 560 2517 293.
586 2485 633 2517 cl'.
661 2485 764 2526 Virg.
789 2485 877 2516 Aen.
904 2485 967 2526 lx,
991 2483 1095 2525 274),
1127 2483 1161 2515 id
1186 2483 1373 2523 opponitur
1406 2482 1485 2515 huic
1512 2477 1672 2528 πολιτικῇ
1696 2476 1809 2527 χώρᾳ.
1867 2485 1906 2516 Si
1933 2485 1991 2524 qui
2017 2488 2114 2516 erant
2139 2484 2398 2515 Lacedaemone
2427 2484 2504 2527 agri

224 2544 372 2586 publici,
397 2544 419 2575 ii
445 2546 506 2575 aut
530 2543 641 2574 sacris
667 2542 736 2573 rite
761 2541 944 2579 faciendis,
979 2544 1043 2573 aut
1068 2541 1171 2573 sestis
1196 2542 1317 2573 diebus
1348 2542 1489 2573 deorum
1513 2541 1706 2583 obeundis,
1742 2544 1801 2572 aut
1825 2542 1962 2581 templis
1985 2542 2090 2573 sartis
2114 2541 2216 2572 tectis
2241 2540 2417 2582 habendis,
2444 2544 2505 2574 aut

222 2604 373 2641 denique
398 2603 613 2632 sacerdotum
639 2601 716 2630 usui
749 2600 914 2631 destinati
948 2604 1056 2630 erant.
1082 2599 1138 2630 Cf.
1164 2601 1292 2638 Heyne
1316 2601 1340 2630 l.
1366 2601 1391 2629 l.
1417 2608 1452 2638 p.
1481 2599 1534 2629 13.
1562 2596 1778 2638 Quamquam
1804 2603 1899 2629 certa
1924 2600 2094 2637 quaedam
2120 2600 2313 2630 sacerdotia
2336 2599 2370 2629 in
2401 2600 2503 2630 certis

221 2659 425 2698 quibusdam
452 2658 592 2688 familiis
618 2666 639 2688 a
664 2657 815 2696 patribus
841 2658 884 2688 ad
910 2657 1002 2689 filios
1028 2657 1219 2688 hereditate
1244 2657 1450 2687 transmissa
1474 2665 1584 2694 eaque
1608 2656 1654 2686 de
1679 2664 1784 2686 causa
1808 2659 1976 2687 certorum
2001 2664 2161 2697 agrorum
2186 2656 2319 2686 fructus
2344 2655 2386 2686 ab
2411 2656 2504 2687 anti-

221 2717 388 2755 quissimu
413 2717 528 2748 aetate
556 2717 601 2746 ab
625 2716 749 2746 iisdem
776 2715 939 2756 gentibus
965 2718 1152 2754 perceptos
1177 2723 1257 2746 esse
1287 2715 1466 2752 videmus,
1500 2716 1633 2744 tantum
1658 2716 1772 2744 tamen
1805 2714 1926 2744 aberat
1957 2717 1995 2745 ut
2031 2723 2090 2752 pro
2116 2712 2261 2753 privatis
2286 2712 2504 2754 haberentur,

220 2776 259 2805 ut
282 2774 436 2814 ipsorum
466 2773 604 2803 deorum
630 2780 711 2804 esse
736 2772 946 2803 dicerentur.
993 2772 1087 2803 Nihil
1111 2772 1199 2802 iuris
1223 2772 1258 2803 in
1289 2779 1350 2803 eos
1376 2779 1479 2813 agros
1504 2779 1614 2809 neque
1638 2771 1825 2801 tribulibus
1853 2778 1968 2810 neque
1993 2771 2187 2813 gentilibus
2212 2772 2439 2811 competebat.

158 2845 204 2885 ³⁰)
221 2844 278 2875 Cf.
307 2843 350 2873 C.
374 2844 412 2874 F.
441 2843 629 2872 Hermanni
658 2842 803 2880 Antiqq.
830 2843 912 2871 Lac.
939 2850 970 2880 p.
997 2841 1064 2870 189
1090 2850 1141 2879 sq.

158 2915 342 2955 ³¹)Neque
369 2915 483 2942 tamen
508 2913 573 2942 hoc
598 2913 673 2942 loco
699 2912 837 2942 silentio
863 2911 1138 2950 praetermittere
1163 2911 1327 2940 debemus
1362 2909 1425 2941 Ch.
1457 2909 1499 2941 G.
1531 2911 1661 2948 Heyuii
1685 2911 1914 2951 sententiam,
1948 2911 2006 2949 qui
2031 2911 2054 2941 1.
2080 2910 2104 2940 l.
2128 2920 2161 2949 p.
2192 2910 2234 2939 15
2259 2911 2364 2941 totam
2400 2912 2501 2942 unius

223 2972 331 3010 patris
356 2970 553 3010 progeniem
579 2969 744 3001 communi
772 2968 984 3000 habitatione
1006 2972 1040 3000 et
1059 2968 1285 3000 contubernio
1310 2977 1380 3000 una
1404 2965 1536 2999 vixisse
1563 2967 1769 3007 suspicatur,
1793 2977 1881 3007 quae
1905 2967 2081 3000 sententia
2105 2978 2125 2998 a
2150 2968 2347 3008 fragmento
2364 2970 2503 3009 Polybii

223 3037 346 3061 recens
371 3029 413 3059 ab
439 3028 483 3059 A.
507 3027 601 3060 Maio
626 3026 763 3058 detecto
787 3026 898 3058 lucem
923 3026 1094 3066 quandam
1121 3025 1245 3067 accipit
1269 3029 1305 3059 et
1328 3026 1617 3067 probabilitatem.
1644 3026 1700 3059 Cf.
1724 3027 1771 3060 A.
1796 3027 1880 3060 Maii
1904 3027 2062 3068 scriptor.
2088 3029 2199 3060 veter.
2225 3034 2318 3059 nova
2340 3028 2501 3062 collectio

223 3099 242 3120 e
268 3088 367 3120 codd.
394 3086 509 3118 Vatie.
534 3087 669 3118 Romae
694 3083 785 3116 1827
809 3085 906 3117 edita
929 3086 968 3116 Τ.
996 3085 1043 3118 11.
1070 3095 1103 3125 p.
1133 3084 1213 3116 384.

157 3161 206 3196 ³²)
222 3159 281 3190 Sic
308 3157 399 3197 apud
428 3155 663 3188 Athenienses
687 3164 820 3194 quoque
843 3154 998 3195 gentium
1022 3155 1280 3187 servandarum
1305 3164 1388 3187 cura
1412 3158 1514 3194 atque
1533 3156 1695 3187 custodia
1718 3156 1906 3188 curialibus
1931 3156 2093 3187 mandata
2119 3158 2208 3187 erat:
2234 3155 2309 3187 erat
2331 3155 2501 3195 spectatio

221 3216 391 3256 quaedam
416 3217 452 3246 et
481 3214 644 3254 probatio
669 3212 814 3244 filiorum
841 3219 966 3243 recens
988 3214 1160 3254 natorum,
1187 3213 1232 3244 cf.
1255 3212 1295 3245 C.
1321 3213 1359 3245 F.
1387 3213 1558 3245 Hermann
1583 3213 1766 3245 Lehrbucli
1800 3214 1862 3245 der
1892 3214 2024 3254 griech.
2056 3212 2316 3244 Staataalterth.
2355 3213 2387 3254 §.
2417 3212 2499 3254 10⁰,

220 3275 256 3308 2.
295 3274 355 3315 3.3
400 3275 476 3305 erat
509 3281 716 3304 summorum
742 3270 1006 3311 magistratuum
1033 3270 1178 3312 videre,
1210 3278 1256 3302 ne
1284 3279 1353 3310 qua
1387 3271 1510 3303 domus
1545 3281 1608 3303 suo
1638 3279 1843 3304 successore
1869 3272 2021 3311 vacaret,
2047 3271 2090 3304 cf.
2114 3269 2249 3304 lsaeum
2273 3272 2317 3304 de
2337 3270 2500 3312 Apollod.

222 3334 337 3366 liered.
364 3333 401 3371 s.
425 3330 483 3362 30.
512 3324 611 3374 νόμῳ
633 3323 702 3376 γάρ
718 3329 768 3373 τῷ
790 3322 939 3375 ἄρχοντι
959 3330 1028 3360 τῶν
1053 3326 1161 3361 οἴκων
1195 3321 1291 3368 ὅπως
1317 3322 1364 3360 ἂν
1389 3323 1438 3372 μή
1463 3326 1694 3375 ἐξερημῶνται
1718 3323 1919 3375 προςτάπει
1941 3319 2008 3367 τήν
2032 3323 2242 3373 ἐπιμέλειαν,
2269 3332 2303 3361 et
2321 3328 2499 3367 antiquam
