2684 3832
1301 210 1351 254 11

137 376 397 429 retinuerunt,
426 372 575 427 reliqui
604 371 745 413 Graeci
774 373 829 412 ita
864 371 1138 425 neglexerunt,
1173 376 1217 413 ut
1243 371 1350 426 quod
1377 377 1470 413 ante
1497 371 1723 426 improbum
1752 384 1798 413 ac
1828 372 2066 414 sceleratum
2093 372 2325 426 haberetur,
2355 374 2399 416 id
2426 387 2512 416 no-

137 456 276 485 varum
304 443 444 492 legum
471 440 548 480 fide
573 439 832 480 sanciendum
868 451 957 480 esse
991 436 1256 491 putarent.³³)
1312 437 1427 478 Illam
1455 445 1590 479 autem
1625 438 1803 492 gentium
1842 445 1880 479 et
1912 440 2157 480 familiarum
2197 440 2512 481 incolumitatem

137 509 234 551 nihil
265 508 393 560 magis
422 513 554 546 servat
578 518 625 545 ac
652 505 783 545 firmat
810 518 930 560 quam
957 505 1143 545 diuturna
1173 512 1211 545 et
1253 503 1348 544 filiis
1378 517 1403 544 a
1430 505 1611 557 patribus
1639 505 1786 546 tradita
1815 506 2026 545 eorundem
2055 519 2211 560 semper
2235 519 2421 559 agrorum
2449 513 2512 548 to·

137 577 294 627 tiusque
330 575 388 613 rei
425 574 636 612 familiaris
674 573 890 623 possessio.
964 572 1079 612 Hane
1117 571 1416 624 possessionem
1458 577 1597 623 utpote
1633 584 1712 611 non
1751 571 1923 624 singulis
1950 572 2160 624 gentibus,
2201 573 2270 613 sed
2299 572 2511 613 universae

137 639 286 681 civitati
311 639 546 689 permissam
574 638 704 687 tueri,
743 639 1060 694 patrimoniaque
1087 638 1128 678 in
1156 637 1267 691 agris
1294 635 1580 677 distribuendis
1606 635 1971 691 hereditatibusque
1996 638 2180 691 regendis
2206 643 2396 691 quantum
2425 636 2511 678 fieri

136 712 273 760 posset
302 707 483 760 aequalia
522 719 683 746 servare
708 704 915 745 tribulium
944 710 1028 745 erat
1066 709 1104 744 et
1144 701 1440 757 gentilium.³⁴)
1497 702 1587 751 Quo
1617 703 1788 744 consilio
1818 704 1866 744 iis
1896 704 1967 757 qui
1992 712 2058 746 aut
2083 705 2217 746 nultos
2245 706 2408 746 heredes
2440 711 2511 746 aut

137 772 324 814 mulieres
351 779 505 814 tantum
532 772 793 826 reliquissent
821 771 941 814 modo
965 771 1070 812 filios
1101 769 1360 821 sufficiebant,
1390 769 1508 810 modo
1538 769 1683 811 dabant
1708 782 1878 824 generos
1908 783 1957 811 ex
1984 771 2032 812 iis
2065 771 2133 826 qui
2163 771 2319 812 nullum
2341 771 2508 813 fundum

136 839 350 889 haberent,
387 852 431 878 ea
462 839 570 892 lege,
597 846 641 879 ut
670 839 736 892 qui
765 838 952 879 defuncto
982 837 1146 891 propior
1172 836 1374 876 videretur
1403 837 1637 889 cognatione
1677 838 1853 890 reliquos
1889 837 2196 891 excluderet.³⁵)
2255 837 2344 886 Qua
2378 838 2418 877 in
2461 851 2507 877 re

137 918 257 957 quum
277 918 358 945 non
384 906 512 945 multa
539 905 678 957 legum
697 905 932 945 auctoritate
960 905 1070 945 iussa
1089 910 1127 943 et
1153 903 1383 953 constituta,
1412 902 1531 954 longe
1560 904 1727 954 plurima
1754 904 1939 944 diuturno
1968 917 2045 944 usu
2072 912 2109 945 et
2127 903 2424 945 *consuetudine
2452 904 2508 945 ita

134 970 290 1010 firmata
319 977 451 1009 essent
483 976 521 1009 et
550 970 712 1020 sancita,
742 976 784 1009 ut
810 971 937 1010 multo
965 971 1055 1023 plus
1084 968 1276 1022 aequitati
1303 967 1508 1007 hominum
1534 974 1572 1007 et
1599 970 1791 1021 probitati
1822 984 1938 1023 quam
1968 970 2139 1010 iudicum
2168 969 2379 1011 sententiis
2408 982 2509 1009 con-

134 1047 289 1075 cessum
314 1036 442 1075 fuisse
474 1042 580 1075 recte
608 1036 800 1086 dicamus,
827 1042 960 1076 tamen
989 1036 1023 1076 si
1043 1047 1118 1088 qua
1149 1047 1250 1087 opus
1279 1038 1384 1074 esset
1410 1033 1451 1073 in
1479 1033 1703 1076 istiusmodi
1734 1035 2024 1077 controversiis
2053 1035 2317 1087 disceptandis
2343 1039 2385 1075 et
2413 1032 2509 1074 diri-

135 1104 287 1144 mendis
316 1103 470 1144 maiore
506 1102 762 1154 auctoritate,
799 1115 844 1143 ea
888 1114 1013 1156 penes
1050 1112 1173 1155 reges
1209 1105 1308 1140 erat.
1363 1099 1508 1153 Neque
1545 1105 1675 1142 tamen
1717 1114 1864 1153 regum
1903 1102 1942 1142 in
1969 1102 2030 1143 his
2059 1102 2179 1142 rebus
2210 1104 2327 1155 plena
2357 1107 2440 1142 erat
2467 1106 2507 1142 et

133 1171 257 1210 nullis
286 1170 446 1224 legibus
477 1169 776 1221 circumscripta
805 1175 994 1221 potestas,
1023 1174 1064 1207 ut
1090 1166 1305 1220 quemlibet
1338 1167 1498 1216 vellent,
1526 1168 1644 1206 modo
1675 1169 1830 1207 nullum
1859 1169 2142 1221 patrimonium
2171 1169 2343 1219 haberet,
2370 1169 2505 1207 cuius-

133 1237 228 1277 libet
264 1237 447 1276 heredem
478 1249 565 1275 esse
590 1234 794 1275 iuberent:
831 1234 899 1274 sed
928 1234 962 1274 si
990 1233 1127 1286 plures
1157 1233 1247 1285 pari
1278 1233 1573 1286 propinquitate
1604 1233 1760 1284 cognati
1793 1246 1908 1272 unam
1938 1234 2195 1274 hereditatem
2233 1239 2502 1287 capesserent,

134 1316 249 1357 quam
278 1302 404 1342 dividi
431 1302 546 1354 leges
573 1305 769 1346 vetarent,
796 1310 941 1351 regum
967 1306 1052 1337 erat
1079 1298 1255 1338 iudicare
1292 1298 1357 1337 cui
1385 1298 1515 1337 danda
1543 1303 1659 1347 esset,
1687 1311 1736 1337 ne
1765 1299 1853 1351 quis
1883 1306 2042 1351 praeter
2067 1300 2132 1339 ius
2161 1302 2301 1352 sasque
2328 1308 2504 1352 praeter·

133 1369 379 1409 mitteretur:
409 1367 624 1418 eademque
652 1365 701 1404 de
728 1376 848 1404 causa
873 1364 1110 1417 adoptiones
1139 1363 1224 1404 fieri
1253 1377 1336 1404 non
1363 1363 1559 1404 debebant
1598 1363 1677 1404 nisi
1715 1377 1847 1404 coram
1890 1363 2139 1417 regibus-³⁶)
2194 1364 2243 1405 In
2273 1365 2503 1406 universum

132 1440 285 1487 autem,
321 1431 429 1487 quod
453 1445 573 1486 saepe
608 1431 835 1471 monuimus
874 1444 998 1484 neque
1032 1437 1163 1470 tamen
1206 1430 1306 1470 satis
1333 1443 1494 1470 monere
1530 1443 1770 1482 possumus,
1811 1444 1942 1471 mores
1979 1432 2177 1472 maiorum
2216 1437 2253 1471 et
2290 1437 2501 1472 consuetu-

131 1499 259 1551 dines,
290 1498 407 1538 multo
438 1497 533 1537 illae
560 1496 798 1548 antiquiores
821 1508 940 1547 quam
968 1496 1048 1536 ulla
1074 1496 1138 1535 lex
1167 1508 1191 1535 a
1219 1494 1407 1548 Lycurgo
1437 1496 1542 1547 lata,
1584 1496 1796 1536 domorum
1829 1496 2049 1537 castitatem
2088 1496 2501 1549 patrimoniorumque

131 1564 397 1617 integritatem
433 1568 472 1604 et
500 1568 709 1604 servarunt
738 1568 774 1602 et
801 1568 999 1602 rexerunt.
1057 1561 1166 1610 Quae
1196 1573 1285 1602 cum
1314 1563 1403 1616 ipsa
1430 1569 1546 1617 gente
1573 1567 1690 1602 natae
1717 1561 1902 1616 quamdiu
1926 1561 1990 1615 pie
2016 1567 2227 1616 sancteque
2256 1561 2501 1611 colebantur,

130 1631 252 1672 nullis
279 1630 437 1683 scriptis
464 1629 624 1680 legibus
642 1658 654 1680 ‚
681 1629 803 1669 nullis
831 1628 1009 1679 arbitris,
1036 1628 1157 1669 nullis
1184 1628 1384 1669 iudicibus
1413 1642 1517 1682 opus
1548 1626 1716 1680 erat.³⁷)
1775 1627 1889 1667 Hanc
1914 1627 2061 1681 igitur,
2092 1640 2191 1681 quae
2219 1626 2343 1680 ipsius
2372 1631 2500 1667 aetate

221 1808 336 1851 legem
362 1817 449 1847 quae
474 1810 527 1839 est
551 1807 641 1847 apud
659 1808 826 1847 Harpocr.
851 1818 883 1847 p.
906 1806 976 1839 222
998 1800 1053 1840 ὃτι
1076 1805 1110 1841 οἱ
1133 1806 1274 1847 ποιητοὶ
1297 1800 1421 1847 παῖδες
1447 1801 1651 1840 ἐπανελθεῖν
1689 1803 1734 1846 εὶς
1757 1800 1820 1839 τόν
1847 1807 2010 1853 πατρῷον
2034 1798 2133 1838 οἶκον
2157 1800 2224 1838 οὐκ
2249 1795 2342 1845 ἦσαν
2366 1798 2495 1851 κύριοι,

221 1864 249 1898 εἰ
274 1860 322 1909 μή
345 1860 479 1903 παῖδας
501 1863 665 1906 γνησίους
694 1859 920 1896 καταλίποιεν
949 1862 985 1896 ἐν
1008 1866 1059 1909 τῷ
1085 1862 1172 1909 οἴκῳ
1195 1865 1263 1897 τοῦ
1298 1863 1561 1908 ποιησαμένους
1599 1867 1702 1896 orbas
1736 1869 1851 1896 autem
1889 1875 1955 1896 non
1989 1865 2090 1896 modo
2124 1866 2295 1907 Athenis,
2334 1864 2395 1894 sed
2432 1871 2493 1902 per

221 1925 327 1956 totam
360 1923 544 1955 Graeciam
579 1924 703 1954 ducere
731 1923 788 1954 lex
813 1932 890 1954 eum
911 1923 1051 1955 iubebat
1073 1924 1130 1962 qui
1154 1930 1285 1965 genere
1310 1922 1490 1961 proximus
1520 1925 1634 1961 esset,
1674 1922 1764 1954 unde
1795 1923 1853 1961 qui
1887 1922 1947 1953 filii
1973 1923 2044 1953 nati
2069 1924 2187 1954 essent
2219 1931 2284 1953 non
2315 1922 2349 1952 in
2375 1921 2496 1961 patris,

221 1983 283 2011 sed
309 1982 340 2010 iu
372 1981 490 2011 matris
523 1981 650 2018 avique
681 1981 825 2010 materni
858 1980 1084 2011 hereditatem
1117 1981 1362 2011 succedebant.
1408 1979 1537 2011 Miiller
1562 1980 1686 2011 Dorier
1709 1981 1752 2011 n.
1778 1989 1813 2019 p.
1841 1979 1920 2013 197.
1947 1980 2122 2010 Hermann
2148 1977 2497 2010 Staatsalterthiimer

222 2041 255 2078 S.
280 2038 359 2080 121,
385 2038 419 2070 4.
444 2039 477 2070 5.
500 2038 557 2069 Ab
593 2036 722 2070 Solone
757 2037 892 2069 demum
917 2038 1184 2070 Atheniensibus
1216 2037 1307 2069 bona
1337 2046 1401 2068 sua
1433 2038 1545 2069 cuivis
1572 2041 1632 2069 aut
1666 2038 1755 2069 dono
1787 2038 1890 2069 dandi
1917 2030 2031 2076 (κατά
2064 2029 2185 2073 δόσιν)
2219 2040 2279 2068 aut
2304 2035 2495 2075 quemlibet

220 2097 382 2127 heredem
418 2094 588 2126 scribendi
620 2087 821 2138 (διαθήκῃ)
847 2096 929 2127 data
961 2096 1117 2128 libertas.
1175 2095 1257 2127 Vid.
1284 2094 1341 2134 qui
1373 2095 1550 2127 subtiliter
1580 2096 1623 2127 de
1648 2096 1701 2126 his
1733 2095 1836 2127 rebus
1868 2095 2031 2127 omnibus
2063 2095 2226 2127 disseruit
2258 2093 2494 2125 Wachsmutn

220 2154 355 2186 Hellen.
380 2151 714 2184 Alterthumskunde
740 2152 781 2184 Τ.
808 2150 853 2183 11.
876 2153 914 2184 P.
939 2152 973 2184 1.
999 2161 1031 2192 p.
1055 2152 1125 2184 213
1150 2161 1201 2192 sq.

153 2222 206 2264 ³³)
220 2222 276 2255 Cf.
300 2222 452 2255 Platneri
475 2221 641 2264 Beitrige
662 2231 734 2274 szur
757 2222 945 2252 Kenntniss
976 2223 1038 2253 des
1064 2220 1234 2252 attischen
1259 2223 1390 2253 Rechts
1417 2231 1451 2261 p.
1480 2221 1547 2253 101
1574 2231 1628 2261 sq.
1654 2223 1762 2254 Meier
1788 2224 1837 2254 De
1861 2223 2055 2263 gentilitate
2081 2222 2209 2253 Attica.
2237 2222 2336 2252 Baiis
2363 2220 2467 2252 18:34.

154 2292 207 2334 ³⁴)
219 2291 296 2324 Non
321 2291 462 2322 multum
488 2290 532 2321 ad
556 2293 708 2322 nostram
735 2299 806 2322 rem
835 2290 930 2333 facit,
956 2291 1168 2329 tribubusne,
1193 2298 1281 2329 quae
1307 2294 1361 2322 est
1387 2291 1525 2322 Miilleri
1550 2292 1724 2323 sententia
1736 2292 1858 2323 Dorier
1877 2293 1917 2323 Τ.
1933 2290 1979 2324 11.
1997 2301 2029 2331 p.
2050 2291 2129 2332 194,
2156 2300 2198 2322 an
2216 2290 2381 2331 gentibus
2406 2291 2493 2321 hanc

220 2350 459 2381 auctoritatem
485 2349 595 2379 fuisse
622 2346 788 2379 dicamus.

156 2419 209 2463 ³⁵)
219 2421 272 2451 Ita
297 2420 518 2451 Demosthen.
544 2419 622 2449 adv,
647 2419 813 2449 Leochar.
837 2417 883 2449 43
906 2417 1056 2448 iudicum
1075 2426 1152 2448 esse
1169 2416 1252 2448 dicit
1276 2413 1313 2448 ἐκ
1336 2416 1407 2449 τῶν
1431 2412 1524 2450 κατα
1549 2416 1646 2462 γένος
1670 2414 1847 2462 ἐγγυτάτω
1873 2415 2018 2458 ἐςποιεῖν
2041 2413 2121 2450 υἱόν
2144 2418 2194 2462 τῷ
2217 2411 2488 2460 τετελευτηκότι,

220 2471 313 2515 ὅπως
338 2471 385 2507 ἂν
414 2470 436 2508 ὁ
465 2469 561 2514 οἶκος
594 2470 643 2518 μή
673 2473 883 2521 ἐξερημωθῇ.
933 2478 1006 2506 Res
1031 2485 1099 2506 non
1121 2483 1262 2515 semper
1287 2476 1419 2514 liquida
1440 2480 1538 2518 erat,
1571 2478 1729 2516 adeoque
1763 2478 1940 2509 difficilior
1972 2487 2050 2509 esse
2084 2477 2222 2517 potuit,
2257 2485 2358 2515 quam
2382 2477 2491 2516 primo

218 2536 384 2574 adspectu
408 2533 565 2566 videtur:
590 2533 700 2565 veluti
723 2533 770 2575 si,
796 2530 852 2572 qui
877 2533 1040 2565 defuneto
1063 2532 1236 2573 proximus
1260 2537 1375 2578 esset,
1408 2543 1512 2567 unum
1535 2535 1666 2566 tantum
1693 2534 1798 2567 tilium
1823 2535 1976 2574 haberet,
2000 2543 2102 2574 quem
2124 2535 2249 2565 orbam
2274 2534 2401 2566 ducere
2427 2529 2489 2566 vel

219 2593 256 2622 in
279 2593 370 2622 bona
394 2590 549 2622 defuncti
575 2590 763 2621 succedere
788 2591 985 2629 oporteret.
1034 2590 1118 2620 ’rum
1144 2589 1225 2621 bina
1249 2592 1454 2630 patrimonia
1480 2592 1723 2633 iungebantur,
1748 2593 1840 2631 quod
1863 2601 1906 2624 ne
1932 2592 2030 2623 tieret
2056 2590 2156 2623 nulla
2185 2591 2243 2623 lex
2270 2592 2488 2631 prohibebat.

217 2649 395 2682 Eiusmodi
419 2648 612 2680 coniunctio
635 2648 808 2679 tribulium
832 2648 890 2678 vel
914 2647 1095 2689 gentilium
1120 2650 1198 2679 erat
1224 2648 1343 2679 videre
1366 2658 1410 2680 ne
1440 2650 1603 2681 diuturna
1626 2653 1731 2690 esset,
1757 2651 1819 2681 sed
1846 2653 1884 2680 ut
1909 2651 2021 2689 prima
2046 2650 2130 2681 data
2155 2650 2347 2690 occasione,
2373 2651 2484 2681 veluti

217 2709 247 2739 si
272 2708 352 2738 huic
378 2708 437 2737 uni
462 2707 551 2746 patri
576 2707 642 2737 duo
667 2706 728 2736 filii
753 2704 825 2736 nati
849 2707 978 2746 essent,
1004 2706 1213 2737 solveretur.

150 2788 203 2825 ³⁶)
215 2789 267 2820 De
291 2789 368 2818 iure
393 2787 500 2828 igitur
525 2787 724 2817 statuebant
749 2794 868 2827 reges,
893 2786 970 2816 sive
995 2784 1114 2824 plures
1138 2787 1303 2825 petebant
1326 2786 1402 2818 sive
1426 2786 1568 2827 singuli.
1594 2785 1647 2817 Ita
1669 2787 1916 2828 intelligendus
1930 2789 2130 2820 Herodotus
2155 2790 2219 2830 vt,
2244 2789 2302 2821 57.
2328 2784 2487 2827 δικάζειν

216 2840 255 2878 δὲ
279 2838 437 2889 μούνους
460 2837 544 2883 τοί-ς
580 2837 752 2884 βασιλῆας
775 2836 907 2876 τοσάδε
933 2843 1053 2887 μοῦνα
1068 2868 1079 2885 ,
1104 2836 1318 2889 πατρούχου
1348 2853 1384 2876 τε
1408 2840 1591 2892 παρθένου
1614 2842 1710 2892 πέρι,
1749 2842 1781 2885 ἑς
1804 2838 1867 2879 τὸν
1891 2842 2041 2880 ἱκνέεται
2066 2843 2179 2892 ἔχειν,
2212 2839 2257 2887 ἣν
2288 2841 2338 2891 μή
2369 2857 2429 2896 περ
2465 2842 2487 2882 ὁ

210 2897 330 2950 ’πατιξρ
355 2895 506 2946 ἐγγυήσῃ
530 2919 571 2924 —
597 2901 661 2933 καὶ
692 2896 737 2941 ἢν
761 2910 813 2942 τις
837 2895 945 2935 θετὸν
968 2899 1086 2934 παῖδα
1119 2897 1306 2933 ποιέεσθαι
1336 2896 1462 2946 ἐθέλῃ,
1496 2897 1675 2943 βασιλήων
1705 2900 1866 2935 ἐναντίον
1896 2902 2102 2946 ποιέεσθαι,
2137 2906 2227 2945 quod
2252 2906 2343 2945 apud
2366 2907 2486 2938 Athe-

215 2961 355 2992 nienses
379 2954 589 3002 διαδικασία
614 2960 731 2991 tiebat.
765 2960 820 2992 Cf.
837 2960 1012 2991 Hermann
1036 2959 1304 2993 Staatsatterth.
1331 2961 1365 2997 8.
1392 2958 1471 3001 121,
1495 2961 1530 2990 7.
1553 2961 1685 2992 Hetl’ter
1709 2961 1838 2992 Athen.
1866 2960 2115 2993 Geriehtsverf.
2141 2973 2173 3002 p.
2197 2963 2269 2993 272
2291 2973 2342 3002 sq.
2368 2964 2486 2995 Meier

215 3022 251 3050 et
282 3018 496 3049 Schoemann
521 3019 596 3048 Att.
622 3018 783 3048 Prozess.
809 3026 841 3057 p.
868 3015 944 3048 174.
975 3017 1016 3048 Id
1040 3026 1174 3056 quoque
1199 3021 1321 3057 postea
1349 3022 1513 3050 novatum
1537 3028 1616 3051 esse
1641 3019 1787 3051 Aristot-
1811 3020 1910 3052 Polit.
1939 3020 1989 3058 11,
2014 3021 2048 3060 6,
2075 3020 2115 3052 11
2145 3024 2268 3053 auctor
2289 3026 2362 3054 est:
2393 3024 2483 3054 ·νι““ν

214 3069 260 3140 d'r
271 3071 378 3128 ἔξεστι
401 3069 533 3108 δοῦναί
553 3084 590 3108 τε
614 3068 680 3113 τήν
709 3068 891 3119 ἐπίκληρον
914 3065 986 3118 ὅτῳ
1010 3067 1057 3108 ἂν
1080 3068 1265 3116 βούληται·
1290 3068 1358 3108 κᾶν
1382 3069 1552 3120 ἀποθάνῃ
1577 3070 1626 3120 μή
1649 3073 1876 3120 διαθέμενος,
1904 3071 1947 3111 ὃν
1971 3071 2017 3110 ἂν
2041 3072 2218 3122 καταλίπῃ
2243 3072 2479 3127 κληρονόμον,

214 3143 319 3174 ουτος
335 3129 364 3178 ᾧ
387 3127 435 3165 ἂν
454 3129 542 3178 θέλῃ
559 3129 714 3167 δίδωσιν.

147 3214 200 3257 37)
213 3213 301 3246 Nam
334 3215 443 3246 multo
471 3217 551 3247 ante
575 3225 677 3256 quam
700 3217 892 3260 Lycurgus
915 3217 1014 3260 leges
1045 3225 1129 3250 suas
1162 3216 1275 3249 literis
1307 3216 1526 3259 consignavit
1560 3216 1778 3250 sanctissima
1810 3220 1885 3250 erat
1912 3227 2014 3257 quum
2049 3217 2141 3258 apud
2167 3224 2286 3250 omues
2320 3215 2481 3248 Graecos

213 3276 284 3304 tum
309 3272 462 3313 inprimis
487 3275 578 3314 apud
599 3275 710 3306 nores
736 3273 857 3317 legum
878 3284 945 3306 nou
969 3275 1176 3316 scriptarum
1200 3278 1236 3307 et
1255 3276 1489 3308 institutorum
1515 3276 1719 3307 auctoritas.
1765 3277 1839 3309 nae
1863 3277 1945 3307 sunt
1969 3269 2131 3321 ἄγραφοι
2155 3270 2266 3318 leges,
2292 3268 2481 3317 ὑψίποδις,
