2684 3832
682 213 701 225 ··
1313 200 1340 244 7

147 371 272 413 Nulla
299 371 364 411 lex
392 366 730 409 Lacedaemonios
760 365 978 418 prohibuit,
1009 364 1220 419 quominus
1265 376 1515 418 quaecunque
1549 364 1624 404 sibi
1667 365 1869 418 placerent
1907 363 1972 404 vel
2010 362 2059 403 ab
2105 363 2249 404 exteris
2283 362 2514 405 nationibus

144 437 281 479 eodem
310 434 451 484 modo,
489 445 567 486 quo
598 432 826 488 Lycurgum
862 430 1078 472 Homerica
1114 430 1291 471 carmina
1327 443 1460 471 secum
1497 429 1678 471 attulisse
1707 430 1813 470 fama
1842 436 1912 478 est,
1948 429 1989 470 in
2017 442 2134 470 suam
2164 428 2362 470 civitatem
2390 428 2513 473 inser·

143 510 241 552 rent,
269 500 387 542 modo
413 512 463 540 ne
493 498 654 538 omnino
686 497 857 537 civitatis
878 497 1135 538 fundamenta
1162 502 1337 538 evertere
1365 503 1433 538 aut
1460 510 1484 537 a
1505 496 1680 538 Doricae
1708 495 1881 538 nationis
1910 496 2068 548 ingenio
2100 506 2269 548 prorsus
2296 494 2513 552 abhorrere

145 572 382 611 viderentur.
399 565 461 620 16)
532 565 633 605 Nam
673 564 782 618 quod
819 564 1033 617 Lycurgus
1077 576 1246 615 peregre
1280 562 1535 617 proficiscens
1564 562 1902 603 Lacedaemonios
1940 574 2038 602 suos
2075 562 2223 614 pariter
2265 567 2382 613 atque
2415 561 2512 602 Solo

142 634 408 678 Athenienses
444 633 528 673 iure
565 631 731 672 iurando
769 630 972 682 obligasse
1010 630 1152 680 fertur,
1200 643 1253 670 ne
1294 630 1387 683 quid
1423 630 1470 670 de
1504 629 1661 683 placitis
1698 629 1785 670 suis
1813 640 1858 668 se
1886 628 2054 669 absente
2095 632 2303 678 mutarent,
2339 625 2510 680 ideoque

145 699 321 741 exsulem
357 700 461 739 diem
500 710 726 748 supremum
766 695 994 748 obisse,¹⁷)
1025 696 1064 736 id
1103 697 1139 736 si
1181 709 1273 736 vere
1310 696 1461 737 factum
1498 703 1576 744 est,
1621 696 1671 736 ad
1709 695 1878 747 scriptas
1907 695 2027 747 leges,
2068 706 2153 734 non
2181 693 2230 733 ad
2260 706 2304 732 ea
2331 691 2514 733 instituta

145 766 340 820 pertinere
371 765 538 813 videtur,
569 775 665 814 quac
695 762 809 802 nulla
837 762 1039 802 literarum
1068 761 1144 801 fide
1173 759 1348 801 adhibita
1377 761 1589 800 memoriae
1626 773 1700 813 ope
1729 759 2008 801 servabantur.
2073 757 2210 799 Potuit
2248 757 2366 810 igitur
2400 756 2514 798 salva

146 831 385 872 etincolumi
415 843 456 868 rc
480 828 639 881 publica
658 827 755 877 lieri,
786 834 828 867 ut
857 840 960 866 nova
988 828 1028 866 in
1060 827 1257 867 civitatem
1286 827 1575 879 reciperentur:
1618 826 1720 866 unde
1741 833 1897 867 tantum
1927 825 2061 865 aberat
2090 832 2132 865 ut
2161 823 2253 876 quid
2286 823 2513 864 detrimenti

144 909 208 939 res
240 895 648 936 Lacedaemoniorum
679 900 846 947 caperet,
876 901 919 934 ut
949 900 1034 934 tum
1063 892 1223 934 demum
1254 891 1335 933 labi
1364 899 1402 933 et
1434 892 1476 932 in
1505 892 1617 945 peius
1648 892 1843 933 declinare
1873 890 2087 944 coepisset,
2116 901 2234 943 quum
2265 888 2314 929 ab
2345 888 2418 929 illa
2445 889 2511 929 via

146 964 425 1004 deflecteretur.

308 1066 418 1106 Haec
444 1070 576 1105 autem
607 1063 836 1116 Lycurgeae
866 1063 1039 1103 civitatis
1067 1062 1290 1102 immutatio
1320 1075 1399 1101 non
1429 1061 1562 1101 subito
1592 1061 1743 1102 exstitit
1771 1075 1841 1115 per
1869 1063 1949 1101 vim
1979 1062 2153 1115 aliquam
2190 1067 2226 1100 et
2262 1060 2513 1109 seditionem,

142 1135 215 1176 sed
246 1134 392 1174 sensim
422 1136 508 1172 orta
537 1135 609 1180 est,
639 1137 679 1169 ut
708 1142 793 1169 eam
823 1128 1048 1178 nonqcitius
1078 1128 1220 1168 factam
1250 1141 1336 1167 esse
1366 1127 1532 1178 diceres,
1564 1141 1680 1181 quam
1710 1128 1884 1168 futuram
1914 1142 2002 1169 esse
2032 1126 2318 1181 suspicareris:
2377 1126 2445 1166 diu
2474 1131 2512 1165 et

147 1214 196 1240 ex
226 1197 443 1253 longinquo
473 1196 725 1245 imminebat,
762 1185 926 1248 perinde
952 1201 994 1234 ut
1023 1207 1190 1247 corpora
1218 1194 1395 1245 alioquin
1435 1193 1549 1234 firma
1579 1199 1618 1233 et
1646 1193 1812 1234 robusta
1841 1207 1919 1234 non
1947 1208 2108 1246 semper
2135 1195 2340 1247 repentino
2369 1192 2510 1233 morbo

145 1265 438 1317 corripiuntur,
475 1262 543 1302 sed
575 1262 676 1301 lente
705 1273 868 1312 serpens
898 1272 1091 1300 venenum
1130 1260 1171 1299 in
1200 1259 1354 1298 viscera
1383 1265 1419 1299 et
1449 1260 1662 1300 medullam
1702 1261 1932 1312 suscipiunt.
1952 1260 2012 1313 ιΒ)
2078 1259 2156 1301 Cui
2195 1273 2345 1300 veneno
2383 1270 2511 1313 quum

144 1331 254 1384 leges
282 1329 513 1383 Lycurgeae
542 1327 610 1368 diu
639 1326 902 1376 obstitissent,
931 1325 1087 1366 tandem
1115 1324 1327 1378 aliquando
1357 1325 1466 1379 ipsae
1495 1338 1591 1366 suae
1620 1326 1813 1379 perneciei
1833 1338 1972 1367 causae
1993 1325 2115 1366 fuisse
2136 1325 2331 1372 videntur,
2361 1323 2510 1378 quippe

146 1409 246 1450 quae
277 1394 383 1447 quod
412 1400 553 1447 suapte
588 1400 733 1433 natura
761 1392 916 1431 varium
970 1397 1007 1430 et
1042 1390 1188 1430 mobile
1227 1390 1439 1444 multisque
1479 1391 1825 1432 vicissitudinibus
1862 1392 2085 1432 subiectum
2120 1398 2205 1431 erat
2243 1390 2509 1431 adamantinis

144 1462 259 1516 quasi
290 1460 457 1501 vinculis
487 1460 617 1513 iisque
645 1457 848 1512 perpetuis
876 1456 1067 1509 adstringi
1098 1456 1289 1497 iuberent.
1307 1454 1369 1510 19)
1437 1456 1522 1505 Quo
1551 1457 1702 1499 factum
1732 1464 1810 1509 est,
1845 1463 1900 1506 ut,
1930 1458 2044 1498 salva
2073 1465 2204 1499 tamen
2233 1456 2421 1498 universa
2450 1455 2510 1497 rei

143 1522 328 1581 publicae
368 1526 591 1566 Laconicae
633 1524 787 1575 forma,
825 1523 953 1576 prima
992 1523 1077 1564 eius
1119 1523 1390 1563 conversionis
1430 1524 1541 1565 initia
1576 1525 1655 1564 iam
1692 1538 1715 1564 a
1751 1525 2033 1577 Xenophontis
2072 1530 2200 1564 aetate
2242 1529 2382 1564 nostro
2420 1523 2508 1562 iure

143 1599 318 1646 repetere
357 1591 474 1632 nobis
510 1591 726 1631 videamur.
791 1589 854 1628 Ex
892 1602 938 1629 eo
983 1589 1086 1629 enim
1124 1595 1324 1641 tempore,
1361 1602 1440 1643 quo
1466 1590 1772 1631 Lacedaemonii
1809 1591 1881 1631 sub
1914 1590 2029 1630 finem
2060 1589 2153 1629 belli
2183 1589 2509 1642 Peloponnesiaci

183 1839 232 1884 ¹⁶)
260 1841 431 1872 Summam
458 1840 543 1869 hanc
568 1838 716 1869 Doricae
741 1839 858 1880 gentis
884 1839 1119 1870 constantiam
1136 1848 1209 1869 cum
1229 1839 1355 1882 insigni
1377 1838 1595 1882 ingeniorum
1611 1840 1822 1872 incremento
1837 1842 1905 1871 tam
1933 1840 1991 1870 diu
2010 1840 2146 1879 impune
2165 1838 2323 1879 coniungi
2341 1837 2508 1878 potuisse,

258 1908 358 1938 quam
387 1899 560 1939 ingennus
577 1897 681 1937 vigor
699 1897 837 1937 mansit,
854 1896 1008 1927 Chilonis
1035 1896 1227 1937 exemplum
1256 1898 1369 1937 docet,
1396 1900 1453 1937 qui
1476 1909 1578 1938 quum
1601 1901 1748 1931 maxime
1765 1900 1999 1939 philosophiae
2018 1900 2123 1930 laude
2139 1899 2343 1930 inclaruerit
2360 1898 2508 1936 ideoque

258 1960 390 1995 septem
423 1955 687 1994 sapientissimis
728 1955 813 1984 viris
846 1953 1060 1985 Graecorum
1095 1955 1343 1986 adnumeratus
1389 1958 1453 1995 sit,
1487 1961 1547 1988 aut
1572 1958 1700 1997 primus
1732 1959 1872 1997 regibus
1907 1959 2056 1996 ephoros
2091 1957 2287 1988 adiunxisse
2319 1960 2379 1988 aut
2411 1960 2507 1987 certe

259 2014 405 2054 primum
426 2011 538 2044 locum
567 2012 655 2043 inter
680 2013 827 2051 ephoros
854 2012 1043 2043 obtinuisse
1067 2012 1278 2051 perhibetur.
1303 2014 1407 2054 Diog.
1423 2015 1546 2046 Laert.
1574 2012 1602 2055 1,
1627 2014 1673 2044 68
1697 2012 1814 2056 γέγονε
1839 2008 1877 2045 δὲ
1906 2007 2032 2059 ἔφορος
2057 2008 2150 2045 κατά
2182 2008 2246 2052 τήν
2271 2005 2507 2051 πεντηκοστὴν

259 2070 416 2114 πέμπτην
438 2063 677 2113 ’.Οὶυμπιάδω
691 2065 865 2113 Παμφίλη
889 2066 929 2102 ὸέ
952 2073 1000 2111 φι,
988 2079 1041 2101 σι
1065 2062 1159 2101 κατά
1182 2078 1247 2107 την
1271 2065 1385 2112 ἕκτην,
1412 2081 1474 2103 και
1499 2072 1633 2118 πρῶτον
1658 2067 1788 2116 ἔφορον
1812 2068 1978 2113 γενέσθαι
2003 2069 2058 2103 ἐτι
2082 2065 2239 2105 Esse-<3¹¹
2221 2080 2326 2114 quoi,
2345 2065 2390 2109 ὥς
2415 2073 2508 2112 φησι

258 2121 494 2175 Σωσικράτης·
520 2138 582 2158 και
609 2128 742 2173 πρῶτος
767 2122 971 2171 εἱςηγήσατο
995 2120 1145 2174 ε’φυροις
1168 2129 1242 2166 τοῖς
1264 2122 1446 2167 βασιλεῦσι
1471 2124 1772 2175 παραζετγιυυαι,
1798 2122 1960 2176 Σάτυρος
1978 2124 2015 2159 δε
2037 2129 2258 2176 Λυκοῦργον.
2308 2128 2362 2160 Cf.
2377 2129 2506 2184 Mauso

263 2189 391 2246 Sparta
417 2189 453 2217 T.
479 2184 539 2217 lll.
567 2188 606 2220 P.
632 2187 665 2216 2.
690 2197 721 2225 p.
738 2186 817 2216 3:32.
852 2187 942 2225 Quid
967 2186 1056 2224 quod
1081 2184 1261 2226 iudicium,
1290 2196 1356 2224 quo
1382 2188 1426 2218 de
1451 2186 1661 2219 nobilissima
1685 2188 1885 2226 quaestione
1911 2185 1937 2218 εὶ
1962 2183 2017 2219 δεῖ
2039 2184 2188 2226 βοηθεῖν
2212 2187 2262 2218 τῶ
2287 2180 2382 2229 φίλῳ
2407 2195 2506 2231 παρα

257 2238 299 2276 τό
324 2239 464 2276 δίκαιοι
489 2243 549 2276 καὶ
578 2242 680 2290 μέχρι
705 2240 819 2276 πόσου
844 2254 905 2276 και
930 2245 1018 2275 ποῖα
1043 2241 1276 2282 (Ge11.Noct.
1293 2244 1370 2276 Att.
1398 2242 1425 2280 1
1451 2244 1493 2282 3)
1520 2245 1689 2285 decrevit,
1718 2245 1751 2276 in
1777 2246 1947 2286 ephoratu
1973 2246 2133 2277 habuisse
2148 2245 2270 2276 fertur.
2295 2244 2381 2286 Egit
2397 2251 2509 2284 nuper

259 2304 303 2335 de
329 2303 475 2335 Chilone
501 2303 643 2343 eiusque
681 2303 812 2334 meritis
857 2303 965 2335 Henr.
1006 2302 1238 2334 &Yiskeinann
1265 2301 1299 2333 in
1325 2284 1491 2343 peculiari
1516 2304 1602 2335 libro
1642 2304 1695 2335 De
1720 2301 2070 2335 Lacedaemoniorum
2098 2303 2310 2344 philosophia
2335 2305 2371 2334 et
2396 2302 2507 2343 philo·

258 2359 389 2401 sophis.
438 2361 615 2391 Hersl‘eld.
643 2361 745 2392 1840.

182 2438 230 2474 ¹⁷)
255 2440 415 2477 Ephorus
442 2439 530 2477 apud
558 2438 696 2469 Aelian.
721 2439 806 2469 Var.
833 2439 920 2469 nist.
945 2440 1044 2480 xm,
1067 2438 1114 2469 22
1138 2440 1259 2470 inedia
1288 2449 1365 2470 eum
1391 2440 1499 2470 vitam
1526 2439 1679 2470 finivisse
1705 2443 1837 2470 narrat.
1869 2440 1923 2469 De
1948 2438 2068 2469 exsilio
2102 2442 2241 2479 praeter
2264 2442 2440 2480 Ephorum
2471 2442 2507 2471 et

260 2496 378 2527 Valet.
403 2497 497 2527 Max.
525 2497 570 2536 V,
595 2496 630 2538 3,
657 2497 679 2527 2
706 2504 805 2527 nenio
839 2497 939 2527 dicit:
972 2498 1071 2528 modo
1102 2497 1263 2534 Cirrhae,
1290 2498 1389 2528 modo
1422 2491 1544 2537 Elide,
1577 2497 1677 2528 modo
1710 2498 1745 2528 in
1779 2496 1887 2528 Creta
1920 2502 2077 2528 mortuus
2103 2507 2181 2529 esse
2206 2497 2328 2529 fertur.
2383 2497 2503 2528 Verba

259 2553 450 2584 Heraclidis
475 2555 573 2585 Pont.
600 2553 699 2585 Polit.
728 2553 762 2586 2.
801 2553 1008 2599 Λυκοῦργος
1039 2551 1073 2585 ἐν
1097 2547 1211 2597 Σάμῳ
1237 2547 1446 2596 ἐτελεύτησε,
1483 2564 1570 2594 quae
1600 2555 1649 2585 ita
1683 2555 1809 2594 scripta
1841 2562 1920 2586 esse
1954 2556 2070 2585 multis
2102 2556 2145 2586 de
2179 2556 2295 2586 causis
2326 2555 2501 2595 miramur,

261 2610 299 2643 C.
326 2612 366 2642 F.
392 2612 571 2643 Hermann
597 2612 630 2642 in
656 2612 781 2643 Museo
807 2613 917 2644 Rhen.
945 2611 1045 2644 1843.
1072 2622 1106 2652 p.
1129 2612 1197 2643 600
1224 2622 1276 2651 sq.
1302 2612 1336 2644 in
1363 2613 1449 2645 haec
1472 2612 1681 2658 Λυκοῦργος
1705 2608 1740 2644 ἐν
1764 2605 1878 2656 Σάμῳ
1904 2606 2095 2654 ἐπεδήμησε
2124 2612 2258 2652 optime
2284 2612 2441 2643 mutavit.

184 2687 234 2728 ¹⁸)
259 2687 481 2719 Memorabile
507 2691 541 2718 et
567 2688 693 2719 nostris
719 2689 929 2727 temporibus
953 2689 1093 2727 dignum
1119 2689 1208 2727 quod
1234 2688 1376 2731 legatur
1402 2690 1496 2731 regis
1521 2689 1643 2729 Agidis
1670 2695 1875 2728 responsum
1900 2690 1943 2720 de
1970 2685 2164 2728 aequalium
2189 2697 2328 2720 suorum
2352 2689 2505 2728 querelis

259 2743 322 2775 iani
349 2745 460 2783 patris
489 2746 541 2776 sni
566 2749 684 2777 aetate
709 2747 836 2777 auditis
854 2747 968 2785 prodit
993 2747 1080 2778 Plut.
1106 2747 1360 2788 Apophthegm.
1379 2749 1464 2779 Lac.
1489 2747 1527 2778 Τ.
1553 2748 1653 2778 vlu.
1703 2746 1814 2778 ,194
1841 2747 1898 2778 ed.
1923 2748 2023 2778 llutt.
2049 2751 2229 2789 (proca-mg
2254 2741 2294 2778 ὸέ
2316 2755 2410 2785 τινος
2434 2748 2505 2778 τῶν

257 2799 491 2849 πρεσΞι-τέρωι
517 2798 599 2848 πρὸς
621 2797 735 2834 αὐτου
770 2798 910 2850 γεραιοὶ)
935 2798 1035 2845 ὄντα,
1071 2798 1212 2882 ἐπειδης
1224 2799 1270 2835 τά
1306 2798 1447 2851 ἀρχαῖα
1478 2798 1614 2846 νόμιμα
1645 2797 1840 2846 ἐκὶυὸμευα
1874 2797 1985 2850 ἐώρα,
2020 2799 2117 2836 &Dor
2150 2803 2188 2836 δε
2224 2797 2506 2850 παρειςδιόιιενα

257 2855 444 2906 μοχθηρά,
471 2855 563 2893 διοτι
586 2855 633 2893 τά
657 2855 732 2894 ἅνω
758 2855 854 2895 κάτω
879 2860 1030 2905 γίγιεται
1056 2859 1090 2895 ἐν
1114 2863 1157 2906 τῆ
1181 2854 1341 2910 Σπάρτη,
1367 2859 1502 2901 παίζων
1523 2861 1602 2894 εἰπε·
1628 2855 1721 2894 κατά
1746 2855 1853 2904 λόγον
1886 2856 1981 2894 οὓτω
2010 2859 2186 2907 προῧαίνει
2216 2857 2261 2894 τά
2298 2856 2503 2905 πράγματα,

261 2915 288 2947 εἰ
308 2920 417 2949 τοῦτο
441 2916 604 2980 7i7verou·
630 2929 693 2949 και
715 2914 782 2965 γάρ
807 2913 872 2962 ἐγω
905 2922 988 2958 παῖς
1020 2913 1069 2951 ὠν
1094 2915 1228 2957 rivom-ov
1252 2915 1350 2966 παρά
1373 2929 1440 2952 του
1463 2915 1604 2967 πατρός,
1631 2914 1686 2951 ὅτι
1710 2914 1755 2951 τά
1782 2914 1856 2952 ἆιω
1887 2914 1984 2953 κάτω
2011 2931 2126 2963 755013
2157 2915 2236 2966 παρ’
2269 2915 2407 2961 αὐτοῖς,
2434 2917 2504 2962 ἔφη

260 2970 298 3007 δὲ
324 2986 385 3008 και
407 2970 471 3009 τόν
494 2975 628 3023 πατέρα
657 2970 757 3021 aito}
781 2971 920 3010 παιδὶ
910 2971 985 3011 όντι
1008 2979 1116 3011 τοῦτο
1140 2975 1322 3025 εἰρηκέναι.

174 3050 224 3094 ¹⁹)
260 3052 374 3093 Quare
398 3062 499 3092 quum
524 3055 626 3086 huius
650 3056 898 3087 immutationis
923 3056 1106 3096 paullatim
1132 3057 1247 3088 sactae
1283 3055 1341 3087 alii
1373 3063 1492 3096 regum
1523 3055 1755 3095 duplicitatem
1790 3051 1888 3097 (δίδι-
1918 3066 1959 3089 ov
1989 3050 2053 3094 τήν
2074 3057 2145 3087 τῶν
2170 3050 2343 3095 βασιλέων
2373 3055 2504 3089 ἐ’νεσιυ

1891 3068 1917 3101 μ
2377 3073 2389 3099 c

258 3110 345 3143 Plat.
385 3112 500 3154 Legg.
541 3124 574 3153 p.
608 3114 688 3158 (39j.
725 3112 781 3155 D.)
823 3115 1013 3153 summique
1049 3116 1181 3155 imperii
1221 3116 1301 3147 inde
1343 3118 1458 3145 natam
1500 3114 1788 3156 imbecillitatem,
1832 3115 1892 3146 alii
1931 3116 2164 3155 impotentiam
2204 3114 2318 3154 plebis
2358 3117 2506 3148 victoria

258 3169 503 3209 superbientis,
531 3171 588 3202 alii
612 3172 758 3210 denique
783 3172 887 3203 varia
911 3173 1099 3204 incolarum
1122 3182 1254 3215 genera
1268 3173 1414 3205 Doribns
1440 3172 1590 3204 admixta
1614 3178 1793 3213 accusant,
1820 3174 1844 3205 ii
1869 3184 1984 3206 omnes
2009 3175 2130 3214 multa,
2156 3183 2220 3205 nec
2245 3178 2361 3206 tamen
2385 3176 2504 3207 omnin

256 3226 352 3257 recte
376 3226 551 3261 viderunt.
602 3228 660 3261 Cf.
689 3229 813 3261 Mauso
839 3230 969 3270 Sparta
993 3231 1031 3262 T.
1058 3231 1086 3265 1.
1114 3228 1156 3271 p.'
1172 3231 1215 3261 66
1240 3240 1291 3270 sq.
1346 3231 1446 3262 Plass
1478 3231 1580 3261 Vor-
1617 3232 1686 3262 und
1716 3232 1974 3275 Urgeschichte
2006 3240 2073 3263 von
2105 3231 2360 3264 Griechenland
2392 3234 2431 3265 T.
2456 3231 2503 3264 11.

257 3292 289 3321 p.
317 3284 374 3314 86.
421 3286 621 3317 Lachmann
648 3288 713 3318 Die
740 3289 895 3326 spartan.
920 3289 1254 3330 Staatsversassnng
1278 3298 1312 3328 p.
1346 3287 1413 3319 145
1437 3297 1490 3327 sq.
1548 3287 1686 3320 Arnum
1720 3298 1767 3321 on
1800 3292 1858 3321 the
1890 3292 2039 3329 Spartan
2073 3291 2307 3323 Constitution
2338 3292 2374 3323 in
2408 3292 2503 3324 Mus.

254 3342 368 3382 philol.
394 3341 599 3387 Cantabrig.
644 3348 682 3378 T.
718 3347 764 3379 11.
790 3356 823 3386 p.
850 3346 907 3380 43.
