2684 3832
1298 205 1353 248 12

134 368 262 411 fuisse
301 369 423 411 facile
468 369 667 419 creditur,
710 379 867 408 morum
908 367 1204 421 simplicitatem
1240 367 1453 421 Lycurgus
1493 368 1670 422 speravit
1710 369 1848 423 legum
1889 385 1914 411 a
1947 383 1992 412 se
2032 371 2205 414 latarum
2247 371 2520 416 firmissimum

131 434 314 476 futurum
342 447 432 476 esse
460 433 717 487 praesidium.
774 431 978 481 Quamdiu
1019 434 1124 476 enim
1168 433 1280 475 cives
1313 439 1466 475 veteres
1500 447 1600 477 suas
1641 435 1727 476 sive
1758 436 1946 478 omnibus
1972 436 2147 479 Doribus
2178 452 2404 481 communes
2433 441 2521 481 sive

136 501 350 554 Spartanis
378 500 602 554 peculiares
633 500 817 550 virtutes,
845 500 1122 550 sobrietatem,
1152 500 1455 553 temperantiam
1472 530 1483 550 ‚
1510 501 1798 554 frugalitatem,
1837 502 2019 544 laborum
2048 504 2278 556 patientiam
2306 514 2523 556 servarent,

132 578 256 621 seque
281 579 359 606 non
384 565 478 616 sibi,
510 566 579 605 sed
609 566 763 619 patriae
791 566 926 606 vivere
955 566 1245 617 meminissent,
1270 567 1318 607 de
1345 567 1471 607 nimio
1500 566 1732 608 futurorum
1761 568 1907 609 civium
1937 570 2192 622 incremento,
2223 584 2322 624 quos
2352 573 2521 627 egestati

133 633 413 685 relinquerent,
443 631 624 673 vixerat
653 631 756 684 quod
776 632 972 672 timerent.
1001 632 1164 671 Accedit
1192 633 1296 686 quod
1326 633 1396 686 qui
1425 644 1563 673 omnes
1582 632 1688 672 cives
1717 645 1813 674 suos
1836 646 1997 675 summa
2026 637 2241 676 severitate
2270 638 2522 680 matrimonia

132 698 233 738 inire
273 697 467 748 cogebant
505 697 758 750 coelibesque
804 711 941 737 omnes
982 698 1213 749 turpissima
1255 698 1478 752 ignominia
1518 697 1762 748 afficiebant,
1808 700 1857 739 de
1899 701 2024 740 nimio
2067 702 2287 741 liberorum
2328 710 2520 755 proventu

135 776 261 817 neque
289 764 369 805 sibi
397 777 520 817 neque
548 764 607 804 rei
634 762 816 817 publicae
846 763 1057 817 quidquam
1087 764 1224 805 timere
1252 765 1459 806 debebant.

245 831 299 872 At
335 844 432 871 vero
470 843 549 872 non
588 837 779 884 perpetua
813 837 871 871 est
910 831 971 870 vel
1012 830 1383 884 antiquissimorum
1425 844 1582 872 morum
1619 837 1655 873 et
1687 832 1959 874 institutorum
1993 834 2205 883 sanctitas,
2247 848 2327 875 non
2365 849 2521 888 semper

132 896 249 937 firma
279 903 358 937 stat
388 904 429 937 et
454 897 648 937 inviolata
679 898 888 937 domorum
920 896 1104 943 castitas,
1134 897 1390 949 languescere
1419 897 1615 950 incipiunt
1646 905 1684 939 et
1716 912 1959 941 marcescere
1989 900 2122 940 omnia
2148 899 2334 941 humana.
2366 899 2519 947 Quotus

135 964 262 1018 igitur
291 962 458 1016 quisque
483 963 693 1003 mirabitur
714 963 1122 1003 Lacedaemoniorum
1153 975 1305 1015 quoque
1333 962 1610 1016 frugalitatem
1640 971 1677 1004 et
1700 967 1987 1017 parsimoniam
2015 967 2058 1007 in
2088 967 2293 1007 libidinem
2325 972 2361 1005 et
2389 966 2519 1006 avari-

132 1030 243 1077 tiam,
274 1029 547 1068 fortitudinem
576 1030 615 1067 in
647 1029 870 1081 ignaviam,
900 1028 1040 1067 duram
1069 1028 1234 1079 denique
1262 1035 1299 1067 et
1328 1041 1512 1078 asperam
1544 1029 1656 1068 illam
1685 1031 1982 1084 simplicitatem
2009 1033 2050 1071 in
2075 1032 2271 1072 luxuriem
2300 1044 2519 1084 vanamque

132 1095 360 1135 divitiarum
386 1093 691 1135 ostentationem
718 1107 951 1134 conversam
982 1095 1103 1134 esse?
1162 1092 1288 1135 Cuius
1315 1093 1553 1134 calamitatis
1583 1108 1663 1135 non
1692 1095 1826 1136 subito
1860 1096 1900 1137 in
1929 1097 2132 1138 civitatem
2162 1098 2440 1150 irrumpentis,
2477 1104 2518 1137 at

132 1166 240 1202 certo
274 1162 456 1213 quamvis
495 1161 602 1201 lento
651 1160 749 1213 pede
792 1159 1008 1201 incedentis
1044 1159 1174 1211 prima
1214 1159 1382 1212 vestigia
1409 1160 1450 1200 in
1478 1158 1732 1202 nobilissima
1758 1161 1945 1214 Epitadei
1985 1163 2075 1217 lege
2104 1163 2303 1204 invenisse
2332 1163 2407 1204 sibi
2437 1162 2517 1203 visi

134 1232 241 1278 sunt,
268 1227 338 1281 qui
369 1228 408 1269 in
434 1227 661 1269 interiorem
692 1239 827 1268 rerum
856 1233 1038 1267 naturam
1070 1227 1268 1279 inquirere
1306 1227 1419 1279 parvi
1457 1226 1650 1268 habentes
1678 1238 1809 1268 rerum
1840 1232 2042 1281 gestarum
2073 1229 2324 1279 memoriam,
2362 1229 2516 1282 qualem

131 1300 383 1348 acceperunt,
410 1293 527 1336 talem
559 1293 732 1348 posteris
761 1293 919 1335 tradere
951 1293 1092 1336 solent.
1122 1295 1226 1336 Nam
1257 1293 1436 1348 quisquis
1465 1292 1533 1334 ille
1564 1291 1640 1334 suit
1667 1292 1899 1347 Epitadeus,
1928 1307 2010 1336 non
2038 1295 2074 1337 is
2103 1295 2195 1345 suit,
2225 1302 2267 1337 ut
2295 1309 2368 1338 sua
2398 1297 2516 1338 unius

132 1361 368 1401 auctoritate
408 1360 658 1401 firmissimas
700 1361 817 1411 leges
857 1360 1189 1415 sanctissimaque
1224 1361 1407 1402 instituta
1442 1364 1645 1401 everteret.
1716 1358 1757 1399 Is
1796 1372 1951 1414 quoque
1990 1373 2103 1414 quem
2139 1361 2343 1403 invenerat
2379 1374 2512 1403 rerum

131 1427 382 1479 publicarum
412 1433 448 1465 et
478 1429 723 1479 privatarum
751 1433 897 1465 statum
928 1439 1008 1464 non
1040 1438 1218 1477 creasse,
1260 1429 1329 1465 sed
1364 1428 1492 1480 legem
1523 1438 1636 1464 suam
1674 1433 1886 1480 corruptae
1913 1427 1992 1465 iam
2022 1433 2061 1466 et
2100 1421 2344 1481 depravatae‘
2364 1429 2517 1467 civitati

133 1494 465 1531 accommodasse
492 1494 684 1532 dicendus
715 1492 856 1540 est.³⁸)
913 1493 1006 1531 Non
1035 1494 1162 1545 igitur
1191 1496 1232 1532 in
1258 1495 1346 1545 lege
1373 1493 1578 1544 Epitadei,
1609 1506 1658 1531 ex
1692 1506 1768 1545 qua
1798 1498 1838 1531 ut
1867 1506 1888 1532 e
1913 1494 2078 1543 perenni
2108 1494 2218 1533 sonte
2248 1501 2402 1533 veteres
2432 1507 2513 1533 non

132 1559 262 1599 minus
292 1573 407 1612 quam
430 1560 671 1600 recentiores
699 1557 834 1599 omnia
861 1559 1062 1598 malorum
1091 1571 1239 1609 genera
1269 1556 1590 1609 derivabant,³⁹)
1619 1571 1746 1609 neque
1777 1558 1895 1598 etiam
1925 1559 2026 1610 quod
2073 1559 2144 1598 alii
2175 1561 2426 1600 somniarunt
2468 1562 2508 1600 in

229 1732 263 1759 ut
291 1729 340 1758 ait
365 1728 470 1767 Soph.
498 1728 582 1759 Oed.
610 1730 651 1758 R.
676 1728 758 1758 859.
790 1721 964 1772 οὐρανίαν
990 1722 1034 1759 δι’
1063 1725 1193 1770 αἰθέρα
1217 1726 1465 1769 τεκτ·(οθέιτες,
1494 1718 1544 1759 ὧν
1567 1722 1750 1770 ”ολῑ·μπος
1776 1720 1889 1769 πατήρ
1916 1721 2035 1768 μόνος,
2063 1722 2156 1759 οὐδέ
2187 1738 2241 1759 νιν
2265 1722 2385 1760 &varai
2409 1724 2515 1768 φύσις

228 1778 361 1832 ἀνέρων
399 1782 548 1827 ἔτικτεν,
588 1779 675 1818 οὐδὲ
712 1779 785 1829 μάν
806 1795 887 1818 ποτε
912 1779 1016 1819 λάθα
1040 1779 1307 1828 κατακοιμάσει·
1333 1784 1440 1828 μέγας
1466 1783 1501 1817 ἐν
1523 1778 1663 1825 τούτοις
1687 1778 1792 1825 θεὸς,
1827 1777 1913 1816 οὑδὲ
1945 1778 2120 1831 γηράσκει.
2180 1787 2280 1817 Plato
2314 1786 2414 1828 leges
2448 1795 2515 1818 non

230 1844 380 1884 scriptas
400 1851 507 1883 aeque
527 1843 580 1883 pie
598 1847 701 1884 atque
726 1844 874 1884 scriptas
897 1845 1060 1876 colendas
1077 1854 1155 1876 esse
1173 1845 1283 1876 docet.
1310 1845 1501 1885 vituperat
1525 1844 1612 1876 enim
1640 1844 1682 1875 de
1708 1845 1759 1875 Re
1793 1843 1887 1882 publ.
1914 1843 2012 1875 Vlll.
2041 1853 2074 1883 p.
2098 1843 2176 1875 563.
2204 1845 2245 1876 D.
2272 1845 2329 1884 qui
2356 1854 2425 1877 non
2450 1847 2515 1877 hu-

226 1910 349 1933 manas
374 1909 498 1933 verum
524 1902 627 1932 etiam
653 1899 789 1933 divinas
821 1902 921 1943 leges
953 1903 1153 1944 negligant,
1185 1896 1271 1934 οὐδὲ
1305 1904 1375 1934 τῶν
1405 1897 1524 1945 νόμων
1557 1898 1784 1948 φροντίζουσι
1814 1899 2060 1946 γεγραμμένων
2098 1894 2122 1940 ἢ
2148 1895 2342 1950 ἀγράφων,
2378 1899 2438 1934 ἵνα
2468 1897 2514 1942 δὴ

224 1954 377 2001 μηδαμῆ
399 1954 518 2002 μηδεὶς
546 1953 670 1997 αὐτοῖς
694 1948 715 2003 ᾗ
740 1954 930 2001 δεσπότης,
964 1961 1020 1999 qui
1054 1961 1152 1991 iocus
1184 1970 1250 1991 non
1281 1961 1369 1991 satis
1395 1964 1558 1991 accurate
1590 1968 1776 1999 expressus
1811 1961 1864 1989 est
1888 1968 1907 1988 a
1932 1958 2102 1990 Cicerone
2130 1961 2173 1991 de
2201 1962 2252 1991 Re
2278 1962 2372 1999 publ.
2398 1962 2428 2001 1,
2455 1960 2513 1991 44.

226 2014 282 2049 Cf.
307 2026 349 2049 ea
374 2016 417 2049 de
442 2027 480 2049 re
506 2016 606 2049 Dion.
634 2016 823 2057 chrysost.
851 2027 903 2050 or.
930 2019 1096 2050 Lxxvi.
1124 2028 1156 2058 p.
1183 2016 1263 2050 649.
1291 2019 1332 2050 A.
1361 2021 1397 2050 et
1419 2015 1568 2050 Dissenii
1595 2016 1768 2057 opuscula
1794 2014 1956 2058 Gotting.
1986 2015 2087 2048 1339.
2118 2028 2150 2058 p.
2180 2017 2257 2049 165.
2308 2017 2396 2057 Quid
2424 2018 2512 2057 quod

222 2075 472 2116 sapientissimi
497 2075 622 2116 quique
646 2077 811 2109 veterum
839 2076 962 2119 legum
991 2076 1143 2109 latorum
1170 2084 1211 2109 ea
1235 2076 1370 2109 demum
1402 2075 1542 2120 legibus
1566 2075 1753 2108 sancienda
1785 2075 1975 2116 putabant,
2011 2084 2098 2116 quae
2131 2076 2308 2117 praesenti
2336 2075 2506 2108 hominum

226 2134 430 2171 prudentiae
455 2143 521 2164 non
549 2135 698 2171 possent
722 2137 795 2165 tuto
821 2135 995 2165 committi.
1045 2135 1158 2173 Quare
1195 2135 1293 2164 Plato
1326 2135 1368 2164 de
1393 2136 1447 2165 Re
1473 2133 1565 2172 publ.
1590 2134 1651 2163 1v.
1678 2142 1709 2171 p.
1741 2133 1821 2164 ⁴25.
1847 2135 1890 2164 D.
1914 2135 2205 2174 interrogantibus
2231 2136 2276 2165 de
2301 2136 2404 2164 rebus
2429 2134 2510 2164 vul-

223 2191 380 2230 garibus,
411 2192 450 2221 ut
474 2193 517 2221 de
538 2193 772 2233 vectigalibus
790 2193 847 2222 vel
875 2193 1087 2230 imponendis
1113 2194 1170 2222 vel
1197 2193 1394 2234 exigendi-7
1422 2193 1464 2222 de
1489 2193 1584 2232 soris7
1613 2192 1656 2222 de
1683 2193 1850 2229 portubus
1876 2192 1999 2222 aliisve
2025 2193 2132 2221 rebus
2157 2193 2313 2221 satiusne
2340 2193 2385 2221 sit
2412 2192 2512 2229 quid-

223 2259 324 2287 quam
350 2250 510 2281 statuere
536 2260 578 2281 an
603 2260 673 2282 non
698 2253 856 2282 statuere
881 2251 1089 2289 respondet:
1138 2243 1211 2282 ἀλλ’
1248 2243 1317 2282 οὐκ
1351 2243 1474 2293 ἄξιον,
1509 2251 1637 2290 inquit,
1674 2243 1824 2295 ἀνδράσι
1858 2244 1982 2287 καλοῖς
2017 2242 2197 2291 κάγαθοῖς
2232 2242 2434 2281 ἐπιτάττειν·
2465 2243 2511 2281 τά

224 2299 343 2338 πολλά
374 2300 442 2353 γάρ
468 2300 602 2349 αὐτῶν,
623 2300 693 2339 ὅσα
718 2301 776 2340 δεῖ
791 2300 1126 2351 νομοθετήσασθαι,
1145 2303 1273 2355 ῥᾳδίως
1297 2317 1367 2340 που
1388 2300 1587 2354 εὑρήσουσι,
1616 2308 1658 2338 ad
1683 2315 1783 2346 quam
1797 2305 2006 2339 sententiam
2031 2306 2118 2338 illud
2132 2307 2290 2348 Lycurgi
2311 2316 2513 2347 responsum

234 2364 416 2396 confictum
443 2368 517 2407 est,
544 2367 633 2405 quod
660 2366 750 2406 apud
777 2365 1003 2398 Plutarchum
1028 2365 1159 2408 legitur
1183 2366 1219 2397 in
1243 2364 1501 2407 Apophthegm.
1538 2367 1664 2396 Lacon.
1690 2366 1728 2396 Τ.
1755 2362 1857 2397 vni.
1885 2375 1917 2405 p.
1940 2364 2022 2396 222.
2059 2366 2113 2396 ed.
2138 2366 2237 2397 Hutt.
2264 2361 2446 2410 ἐρωτηθεὶς
2471 2362 2510 2398 δὲ

223 2415 288 2454 διά
312 2419 347 2454 τί
368 2415 436 2455 οὐκ
462 2416 639 2471 ἐχρήσατο
662 2416 787 2467 νόμοις
811 2416 1009 2470 ἐγγράφοις·
1035 2415 1111 2465 ὅτι,
1149 2418 1239 2465 ἔφη,
1279 2419 1314 2454 οἱ
1338 2418 1610 2472 πεπαιδευμένοι
1641 2423 1705 2455 καὶ
1728 2416 1901 2468 ἀχθέντες
1921 2424 1965 2469 τῇ
1988 2417 2210 2468 προςηκούσῃ
2235 2417 2356 2469 ἀγωγῇ
2378 2417 2421 2456 τό
2442 2424 2511 2457 τοῦ

223 2483 355 2528 καιροῦ
377 2475 556 2529 χρήσιμον
581 2476 831 2526 δοκιμάζουσι.
890 2480 1002 2524 Quem
1038 2481 1348 2522 prudentissimum
1375 2481 1523 2514 vitarum
1555 2483 1764 2522 scriptorem
1796 2483 1861 2515 etsi
1906 2481 2009 2514 facile
2051 2482 2267 2514 concedimus
2308 2478 2509 2523 philosopho

221 2542 339 2581 potius
365 2551 466 2580 quam
493 2542 659 2573 historico
687 2542 828 2584 ingenio
853 2543 1101 2582 Spartanorum
1127 2541 1284 2572 instituta
1308 2540 1558 2580 descripsisse,
1585 2542 1769 2580 propterea
1793 2550 1859 2572 non
1891 2541 2024 2571 tantum
2050 2541 2109 2571 vel
2135 2540 2175 2572 C.
2200 2541 2240 2572 F.
2265 2541 2451 2571 Hei-manni
2476 2541 2509 2572 in

220 2599 412 2638 Antiquitt.
435 2600 600 2632 Laconic.
622 2602 662 2631 L.
688 2601 752 2631 lv.
779 2610 811 2640 p.
836 2599 903 2631 171
932 2600 1116 2632 doctrinae
1140 2597 1330 2641 largimur,
1354 2603 1393 2631 ut
1418 2607 1542 2630 veram
1572 2598 1778 2638 hymn-gene
1804 2599 1929 2629 aetatis
1953 2598 2103 2629 indolem
2131 2599 2161 2629 ei
2187 2608 2326 2636 prorsus
2350 2598 2509 2638 incogni-

220 2658 290 2689 tam
315 2657 428 2688 fuisse
459 2658 627 2690 dicamus.
675 2659 729 2690 De
769 2659 868 2690 cuiuis
901 2658 968 2689 side
1000 2657 1115 2696 potius
1149 2657 1344 2688 audiendus
1379 2657 1434 2688 est
1467 2656 1521 2687 vir
1555 2656 1760 2687 immortalis
1796 2656 1985 2688 memoriae
2021 2657 2068 2687 A.
2096 2657 2137 2687 Η.
2175 2658 2215 2687 L.
2242 2657 2430 2688 Heerenius
2457 2657 2507 2689 De

222 2714 377 2747 fontibus
403 2718 438 2747 et
465 2715 668 2748 auctoritate
695 2715 846 2748 vitarum
870 2714 1045 2748 Plutarchi
1071 2724 1103 2754 p.
1132 2712 1188 2746 19.
1214 2713 1271 2745 26.

153 2779 207 2822 ³⁸)
219 2780 323 2822 Quod
350 2783 385 2813 et
411 2781 446 2812 in
472 2788 541 2812 sua
576 2789 615 2813 re
639 2780 780 2821 publica
806 2778 882 2812 fieri
908 2788 1010 2820 posse
1036 2778 1207 2811 intellexit
1231 2779 1330 2810 Plato
1355 2779 1400 2810 de
1425 2780 1477 2811 Re
1503 2779 1597 2819 publ.
1631 2776 1732 2812 vni.
1768 2789 1800 2819 p.
1825 2779 1906 2812 550.
1933 2780 1975 2811 D.
2000 2780 2137 2826 πρῶτον
2161 2779 2224 2823 μὲν
2247 2773 2314 2827 γάρ
2340 2773 2506 2821 δαπάνας

220 2833 348 2877 αὐτοῖς
372 2835 608 2884 ἐξευρίσκουσι
631 2838 696 2871 καὶ
715 2832 801 2876 τούς
824 2831 957 2880 νόμους
983 2834 1038 2869 ἐπὶ
1063 2838 1172 2869 τοῦτο
1196 2829 1420 2881 παράγουσιν
1444 2829 1675 2874 ἀπειθοῦντες
1700 2830 1808 2868 αὐτοί
1828 2846 1863 2868 τε
1890 2835 1954 2868 καί
1974 2841 2138 2880 γυναῖκες
2163 2831 2295 2869 αὐτῶν.

161 2902 215 2946 ³⁰)
227 2905 344 2938 Verba
366 2903 458 2946 legis
481 2904 676 2945 Epitadeae
700 2904 792 2945 apud
816 2905 1041 2938 Plutarchum
1065 2903 1100 2936 in
1124 2903 1200 2936 vita
1225 2902 1352 2945 Agidis
1374 2903 1407 2935 5.
1433 2903 1520 2936 haec
1544 2903 1644 2935 sunt:
1700 2898 1828 2947 ἐξεῖναι
1853 2896 1916 2936 τόν
1940 2895 2039 2937 οἷκον
2064 2897 2183 2937 aito&
2207 2902 2269 2935 καὶ
2291 2895 2354 2935 τόν
2378 2897 2506 2951 κλῆρον

220 2952 250 3007 ᾧ
280 2971 332 3002 τις
364 2957 484 2995 ἐθέλοι
515 2961 578 2994 καὶ
608 2959 726 3001 ζῶντα
758 2958 890 2995 δοῦναι
922 2962 985 2994 καὶ
1011 2956 1220 2994 καταλιπεῖν
1253 2956 1514 3005 διατιθέμενον.
1573 2959 1612 2992 In
1645 2969 1713 3002 qua
1745 2963 1923 2993 suadenda
1958 2971 2024 2993 non
2051 2965 2120 2993 tam
2146 2961 2248 2993 unius
2275 2962 2504 3005 magistratus

219 3023 432 3053 iracundiam
459 3023 518 3053 vel
542 3022 745 3053 violentiam
770 3032 872 3061 quam
898 3023 1047 3054 omnium
1075 3021 1204 3053 civium
1238 3029 1369 3051 morum
1405 3023 1635 3060 corruptelam
1673 3022 1828 3053 valuisse
1862 3023 1952 3053 vidit
1979 3024 2180 3053 Pastoretua
2214 3021 2366 3052 Histoire
2387 3022 2441 3052 -de
2467 3022 2505 3052 la

220 3076 339 3121 legisl.
364 3080 405 3114 T.
431 3080 477 3112 V.
501 3086 535 3119 p.
561 3079 649 3113 498:
702 3078 739 3112 la
762 3076 880 3113 cole're
908 3075 997 3112 d'un
1027 3076 1219 3121 παρῶσαι
1248 3074 1349 3111 n’etit
1377 3086 1447 3119 pas
1470 3076 1560 3121 culfi
1578 3085 1675 3119 pom·
1706 3076 1843 3113 obtem‘r
1867 3078 1916 3111 du
1939 3076 2043 3112 seina!
2068 3082 2101 3113 er
2125 3078 2169 3111 de
2198 3075 2420 3111 l'assemblee
2437 3075 2505 3120 915-

219 3135 344 3169 nee'rate
373 3134 632 3168 Pas-sentiment
655 3134 864 3169 ue‘cessai're
885 3145 982 3177 pour
1016 3136 1174 3177 chanyer
1195 3134 1406 3168 subieement
1438 3145 1509 3167 une
1540 3134 1740 3168 institution
1764 3134 1826 3178 qui
1848 3136 2039 3169 remonuit
2065 3134 2089 3169 ὰ
2115 3136 2320 3177 hymn-que,
2342 3134 2377 3167 si
2398 3133 2503 3168 I'e'tae

218 3197 336 3226 moral
358 3193 405 3225 oie
428 3204 469 3225 se
492 3194 697 3226 troucvaient
721 3196 775 3226 les
799 3195 1003 3234 Spartiates
1025 3204 1071 3225 ne
1099 3191 1190 3226 1’e12t
1220 3193 1395 3238 sartori-30².
1443 3196 1594 3225 Accedit
1626 3196 1716 3233 quod
1742 3204 1785 3224 ne
1816 3196 1859 3225 de
1885 3198 2000 3226 aetate
2028 3196 2162 3233 quidem
2204 3203 2271 3233 qua
2311 3188 2503 3233 Epitadeus

219 3254 348 3288 vixerit
371 3253 560 3297 legemque
583 3263 682 3287 suam
707 3253 861 3287 suaserit
882 3253 969 3286 satis
995 3252 1152 3286 omnibus
1176 3255 1336 3287 constet:
1377 3261 1477 3292 quam
1514 3252 1553 3286 0.
1583 3250 1755 3286 Manen-us
1789 3252 1921 3288 Dorier
1953 3255 1994 3289 Τ.
2019 3253 2065 3288 11.
2091 3264 2121 3293 p.
2147 3252 2216 3286 tat
2255 3254 2333 3292 post
2357 3253 2503 3292 Lysan-

222 3311 344 3357 drum,
376 3312 500 3343 Manso
531 3312 660 3353 Sparta
691 3313 729 3346 T.
764 3313 826 3344 1¹1.
858 3313 896 3344 P.
924 3310 956 3344 1.
981 3322 1014 3353 p.
1049 3311 1129 3343 263.
1165 3311 1244 3354 post
1278 3310 1481 3355 Agesilaum
1514 3312 1618 3343 latam
1658 3321 1738 3344 esse
1776 3315 1908 3344 censet.
1966 3311 2038 3343 Sed
2070 3311 2136 3343 iam
2180 3312 2406 3343 Archidamus
2441 3319 2500 3341 rex
