2684 3832
1313 181 1338 224 6

136 352 317 392 inventor
359 349 428 390 ille
459 349 586 401 legum
617 347 863 400 optimarum
902 351 941 386 et
976 343 1205 398 aequissimi
1241 342 1438 398 iuris,¹³)
1476 344 1679 385 hominum
1712 357 1865 398 quoque
1901 357 2026 387 novas
2056 343 2349 388 distributiones
2392 345 2503 387 nullo

132 418 213 458 alio
258 415 429 456 consilio
455 415 611 455 'secisse
652 412 832 461 videtur,
876 423 992 465 quam
1035 416 1079 451 ut
1123 410 1257 458 cives,
1292 422 1412 463 quum
1453 410 1561 451 omni
1607 415 1741 451 vetere
1788 408 1977 457 societate
2007 411 2141 452 soluta
2182 412 2298 453 nullo
2337 410 2501 454 vinculo

131 482 334 524 coniuncti
353 486 498 531 essent,
524 480 602 519 nisi
631 478 735 533 quod
755 479 978 533 Spartanos
1007 489 1051 516 se
1080 487 1219 516 omnes
1247 475 1498 530 eiusdemque
1525 476 1583 516 rei
1613 476 1809 531 publicae,
1839 483 1883 518 ut
1911 477 2131 518 communis
2150 477 2329 531 ipsorum
2349 478 2502 530 matris,

131 548 237 589 filios
267 561 351 588 esse
380 546 669 596 meminissent,
699 545 946 599 antiquarum
975 543 1150 596 gentium
1180 549 1218 583 et
1247 543 1423 586 tribuum
1451 543 1723 583 recordatione
1752 543 1915 595 pristini
1934 543 2170 583 discriminis
2195 544 2424 584 memoriam
2454 555 2503 582 ne

134 620 415 669 propagarent.
434 611 497 667 14)
555 613 689 665 Atque
718 611 773 652 ita
801 610 1055 664 potissimum
1087 609 1235 650 sactum
1263 618 1336 660 est,
1364 616 1404 650 ut
1433 609 1647 661 civitatem,
1676 622 1793 663 quam
1812 609 2031 650 ferventem
2060 616 2099 650 et
2115 610 2196 650 sere
2212 617 2504 651 exaestuantem

134 678 508 732 (φλεγμαίνουσαν
537 678 638 719 Plat.
670 677 718 717 de
747 677 807 717 Re
837 675 952 729 publ.
983 690 1021 727 p.
1051 677 1135 718 372
1162 675 1239 728 Ε.)
1270 676 1497 725 invenisset,
1527 689 1662 717 sanam
1692 676 1932 728 relinqueret
1961 682 1998 716 et
2027 676 2125 715 bene
2154 683 2428 729 temperatam.

299 744 377 784 Sed
432 744 555 784 multo
602 742 760 795 longius
803 753 921 793 quam
964 754 1037 793 pro
1080 742 1259 793 angustis
1306 742 1503 783 limitibus
1534 742 1604 796 qui
1635 741 1898 782 scholasticae
1935 741 2026 782 huic
2060 741 2268 795 scriptioni
2303 740 2507 782 constituti

134 816 227 850 sunt
266 822 290 849 a
317 809 485 849 consilio
516 820 605 847 meo
636 819 697 846 me
724 806 853 859 abripi
882 818 1028 857 passus
1057 818 1159 848 sum.
1215 806 1308 846 Non
1336 808 1440 847 enim
1470 808 1641 848 condere
1671 807 1855 848 volebam
1885 819 1970 847 cum
1998 807 2191 861 Lycurgo
2234 813 2271 848 et
2301 813 2504 847 exstruere

135 877 429 930 Spartanorum
466 887 551 914 rem
591 873 813 927 publicam,
848 885 989 912 verum
1025 872 1223 925 quomodo
1260 886 1284 912 a
1315 873 1484 926 pristino
1514 887 1589 915 suo
1617 875 1761 915 robore
1796 880 1833 914 et
1859 873 2042 916 firmitate
2069 875 2216 914 sensim
2248 873 2287 914 in
2331 874 2505 915 deterius

135 950 286 984 mutata
314 942 364 982 sit
393 941 619 982 accuratius
647 952 842 980 enarrare.
888 937 1015 979 Cuius
1045 938 1275 979 mutationis
1304 939 1419 991 signa
1447 945 1484 979 et
1513 939 1734 980 indicia-ex
1774 939 1883 980 omni
1913 939 2158 981 Graecorum
2188 940 2356 980 historia
2385 939 2505 979 unde-

138 1024 290 1063 cunque
333 1007 600 1059 conquirenda
636 1013 742 1047 sunt.
828 1003 1095 1045 Vehementer
1132 1005 1237 1045 enim
1278 1004 1462 1046 dolemus
1510 1020 1596 1046 eam
1634 1019 1730 1046 casu
1770 1006 1906 1046 nescio
1953 1020 2004 1046 an
2050 1008 2286 1048 necessitate
2331 1006 2505 1059 quadam

137 1087 387 1117 communem
427 1074 603 1115 omnium
645 1070 884 1124 populorum
922 1070 1125 1112 fortunam
1164 1070 1309 1122 fuisse,
1352 1077 1393 1113 ut
1435 1085 1573 1113 eorum
1615 1072 1828 1126 praecipue
1875 1079 2123 1125 temporum,
2164 1072 2304 1126 quibus
2342 1072 2402 1112 illi
2437 1079 2505 1113 aut

136 1155 266 1182 rerum
301 1146 500 1193 gest-arum
536 1139 669 1193 gloria
710 1144 778 1178 aut
817 1137 993 1178 civilium
1029 1138 1300 1179 institutorum
1332 1138 1446 1179 laude
1475 1139 1686 1191 florebant,
1720 1138 1951 1180 memoriam
1981 1151 2007 1180 a
2034 1139 2218 1193 plurimis
2248 1139 2506 1194 scriptoribus

138 1208 264 1247 literis
293 1207 565 1258 consignatam
595 1213 812 1252 teneamus,
849 1205 957 1243 illius
986 1211 1118 1244 autem
1149 1204 1315 1254 aetatis,
1360 1217 1433 1257 qua
1463 1205 1670 1257 paullatim
1704 1218 1728 1245 a
1765 1205 1958 1245 maiorum
1988 1205 2250 1257 amplitudine
2288 1206 2507 1246 desciscere

137 1279 379 1325 coeperunt,
416 1272 484 1310 vix
530 1271 634 1309 ullus
684 1270 907 1309 inveniatur
947 1270 1180 1321 locupletior
1215 1270 1343 1309 testis.
1416 1271 1468 1310 At
1504 1282 1598 1310 vero
1641 1271 1708 1323 qui
1754 1282 1835 1309 non
1879 1282 1995 1310 unam
2032 1272 2250 1311 alteramve
2291 1272 2506 1324 periodum

139 1338 367 1379 accuratius
398 1337 620 1387 dest-ibere,
664 1337 733 1376 sed
763 1337 910 1376 iustam
938 1342 975 1375 et
1001 1336 1160 1388 plenam
1187 1335 1315 1387 gentis
1345 1335 1551 1376 historiam
1582 1336 1817 1375 concinnare
1859 1336 2149 1389 aggrediuntur
2183 1337 2316 1376 videre
2356 1337 2509 1384 debent,

137 1419 188 1445 ne
224 1418 341 1445 unam
375 1410 540 1444 aetatem
572 1415 667 1455 prae
694 1402 818 1443 altera
846 1401 1051 1454 negligant
1082 1402 1273 1454 parvique
1302 1400 1481 1443 habeant.
1546 1400 1641 1442 Pari
1669 1400 1772 1442 enim
1801 1413 1941 1455 gressu
1971 1402 2236 1443 narrationem
2275 1414 2367 1442 cum
2403 1402 2505 1455 ipsis

137 1471 255 1512 rebus
286 1470 502 1522 procedere
543 1474 723 1521 oportet,
760 1481 808 1508 ne
834 1468 925 1521 quid
956 1468 1106 1507 maiore
1145 1468 1210 1507 vel
1238 1468 1452 1508 temeritate
1480 1468 1771 1520 praeripiatur,
1812 1467 1877 1508 vel
1913 1468 2135 1521 cupididate
2174 1476 2408 1518 exornetur,
2445 1468 2507 1508 vel

140 1537 308 1590 denique
337 1536 496 1575 levitate
532 1535 879 1587 praetermittatur.
938 1533 1102 1574 Accedit
1133 1534 1388 1574 tristissimus
1418 1547 1555 1574 eorum
1587 1547 1721 1584 error,
1768 1534 1834 1587 qui
1870 1547 1992 1587 quum
2026 1533 2076 1574 de
2113 1534 2230 1574 bellis
2259 1541 2297 1574 et
2329 1534 2506 1586 pacibus,

140 1604 188 1643 de
217 1601 537 1643 dissensionibus
568 1601 715 1641 civium
742 1607 778 1640 et
809 1601 1118 1649 secessionibus,
1149 1600 1196 1640 de
1223 1600 1374 1641 morbis
1402 1602 1465 1641 vel
1494 1600 1584 1640 aliis
1610 1599 1781 1653 publicis
1810 1601 2033 1653 privatisve
2071 1600 2363 1641 calamitatibus
2390 1614 2508 1642 accu-

137 1670 265 1712 ratius
302 1668 502 1710 disserere
537 1666 776 1715 instituunt‚
818 1667 858 1707 in
898 1666 1123 1707 interiorem
1159 1680 1290 1708 rerum
1331 1666 1612 1721 hominumque
1653 1673 1833 1707 naturam
1868 1672 1906 1707 et
1934 1657 2211 1709 condicionem
2241 1667 2440 1721 inquirere
2469 1674 2509 1710 et

138 1749 238 1790 quae
268 1747 363 1775 vera
391 1746 437 1774 ac
466 1734 627 1786 propria
656 1734 850 1786 cuiusque
885 1733 1027 1773 aetatis
1056 1733 1202 1785 agendi
1232 1733 1503 1787 sentiendique
1540 1733 1643 1773 ratio
1681 1732 1797 1773 suerit
1826 1733 2056 1787 diligentius
2086 1733 2298 1786 explorare
2324 1740 2507 1788 praeter-

139 1803 330 1842 mittunt:
374 1801 477 1840 unde
520 1800 596 1839 dici
635 1800 701 1840 vix
753 1804 885 1852 potest
927 1804 1121 1852 quantum
1172 1799 1356 1840 subtilior
1395 1812 1525 1839 rerum
1577 1798 1751 1852 cognitio
1798 1799 2024 1840 detrimenti
2075 1800 2306 1853 ceperit.¹⁵)
2380 1801 2507 1850 Quam

138 1868 411 1909 tristissimam
441 1867 641 1906 fortunam
671 1878 793 1919 quum
822 1865 1143 1917 antiquissimam
1164 1865 1450 1917 Spartanorum
1482 1865 1691 1906 historiam
1724 1866 1764 1906 in
1794 1879 1988 1906 summam
2019 1867 2220 1907 literarum
2246 1868 2512 1908 calamitatem

139 1935 309 1974 maxime
339 1939 539 1985 expertam
570 1944 656 1971 esse
683 1932 899 1977 doleamus,
932 1931 1101 1983 plurima
1131 1944 1284 1978 eorum,
1313 1931 1415 1970 unde
1444 1931 1575 1983 aliqua
1610 1932 1652 1971 in
1680 1932 1743 1971 his
1771 1933 1945 1973 tenebris
1979 1934 2047 1973 lux
2086 1933 2239 1973 oboriri
2279 1934 2421 1985 possit,
2460 1948 2509 1975 ex

140 2000 308 2039 desertis
337 1997 592 2050 superiorum
622 2004 849 2049 temporum
880 1996 1022 2049 spatiis
1052 1996 1296 2050 conquirere,
1335 2008 1512 2049 quaeque
1540 1997 1757 2037 solvendae
1794 1998 1885 2038 huic
1923 1998 2143 2049 quaestioni
2172 2004 2332 2039 nostrae
2371 1999 2512 2040 idonea

139 2079 226 2106 esse
256 2064 463 2104 videantur
491 2063 617 2115 magis
662 2062 889 2103 coniectura
918 2070 954 2102 et
984 2062 1226 2103 divinatione
1255 2063 1428 2115 assequi,
1457 2076 1571 2116 quam
1603 2071 1708 2104 certa
1730 2077 1861 2103 rerum
1890 2063 1965 2103 fide
1994 2064 2155 2105 firmare
2184 2065 2388 2106 debemuS.

299 2168 409 2216 Quae
436 2179 555 2218 quum
585 2167 640 2206 ita
668 2167 761 2214 sint,
793 2172 833 2205 ut
876 2166 966 2205 inde
996 2166 1180 2205 exordiar
1217 2167 1320 2206 unde
1355 2166 1485 2218 prima
1521 2167 1804 2219 disputationis
1832 2174 1994 2208 nostrae
2031 2175 2263 2221 argumenta
2300 2170 2509 2222 repetenda

139 2241 243 2281 sunt,
270 2234 482 2286 Lycurgus
512 2233 597 2286 ipse
627 2246 728 2286 opus
757 2245 875 2273 suum
904 2245 985 2272 non
1014 2233 1068 2272 ita
1099 2234 1317 2285 perfecisse
1344 2231 1628 2274 existimandus
1651 2239 1723 2285 est,
1756 2241 1800 2274 ut
1821 2234 1938 2286 vulgo
1954 2235 2138 2276 creditur.
2196 2235 2305 2283 Quae
2325 2236 2508 2277 omnibus

140 2300 388 2354 temporibus
418 2299 674 2340 humanarum
703 2312 836 2339 rerum
866 2298 969 2339 ratio
1000 2298 1088 2349 suit,
1118 2307 1160 2340 ut
1189 2299 1287 2340 nihil
1315 2307 1395 2341 tam
1424 2306 1572 2340 certum
1600 2307 1756 2352 tamque
1784 2299 1938 2340 firmum
1960 2301 2024 2349 sit,
2053 2314 2268 2355 numquam
2290 2309 2333 2342 ut
2352 2302 2509 2343 fluctuet

139 2374 176 2409 et
204 2373 273 2409 aut
303 2379 433 2408 rerum
464 2363 683 2407 mobilitate
722 2371 760 2406 et
789 2364 1008 2418 fragilitate
1041 2372 1109 2406 aut
1152 2365 1306 2407 levitate
1334 2366 1539 2407 hominum
1578 2365 1656 2407 huc
1694 2365 1788 2407 illuc
1827 2365 2027 2419 trahatur,
2067 2380 2114 2408 ea
2150 2368 2253 2421 apud
2291 2368 2509 2422 Spartanos

141 2433 377 2487 disciplinae
413 2433 623 2473 severitate
665 2433 839 2472 coerceri
865 2432 1017 2485 quidem
1048 2432 1178 2485 potuit
1216 2438 1252 2473 et
1291 2432 1512 2485 contineri,
1543 2432 1717 2485 opprimi
1747 2432 1981 2486 penitusque
2011 2433 2216 2487 exstingui
2255 2447 2333 2475 non
2372 2435 2509 2488 potuit.

180 2640 228 2680 ¹³)
264 2641 353 2670 Sunt
380 2640 486 2669 verba
511 2638 699 2669 Ciceronis
726 2640 768 2669 de
793 2641 845 2670 Re
872 2641 964 2679 publ.
991 2640 1053 2680 lli,
1080 2641 1102 2669 6
1128 2639 1203 2680 (9),
1230 2639 1286 2677 qui
1313 2640 1676 2680 eundemLycnrgnm
1705 2640 1808 2672 Tusc.
1835 2641 1934 2681 Disp.
1960 2643 2005 2680 V,
2031 2641 2066 2680 3,
2092 2641 2115 2672 7
2139 2645 2275 2681 septem
2301 2642 2380 2683 illis,
2406 2641 2463 2681 qui
2489 2653 2509 2675 a

258 2696 404 2728 Graecis
429 2695 538 2737 σοφοὶ
566 2697 794 2736 habebantur,
823 2697 1041 2728 adnumerat.

180 2775 229 2811 ¹⁴)
255 2775 352 2805 nanc
377 2781 505 2804 novam
534 2771 660 2804 civium
687 2774 961 2805 distributionem
995 2774 1126 2812 pariter
1159 2777 1264 2812 atque
1290 2776 1491 2804 senatorum
1516 2774 1766 2807 institutionem
1793 2776 1963 2807 Hei-odor.
1991 2774 2019 2817 1,
2047 2777 2092 2806 65
2118 2785 2140 2807 a
2167 2776 2331 2819 Lycurgo
2365 2779 2508 2819 repetit,

258 2832 418 2870 idemque
444 2831 635 2862 Clisthenis
671 2832 896 2862 Atheniensis
931 2832 1026 2863 cives
1062 2840 1124 2872 per
1149 2833 1268 2863 decem
1303 2832 1414 2862 tribus
1445 2841 1487 2863 ex
1523 2834 1688 2871 quattuor
1722 2834 1897 2865 veteribus
1930 2834 2157 2865 describentis
2191 2836 2367 2867 consilium
2402 2837 2509 2868 fuisse

257 2892 409 2919 constat.
458 2889 628 2919 Herodot.
654 2890 702 2926 V,
729 2890 895 2922 66—69.
942 2891 1088 2920 Aristot.
1114 2891 1214 2921 Polit.
1244 2890 1305 2930 vl,
1333 2890 1367 2925 2,
1402 2890 1455 2922 11.
1506 2892 1549 2921 K.
1575 2892 1613 2924 F.
1640 2892 1814 2921 Hermann
1842 2892 2197 2922 Staatsalterthiimer
2224 2894 2258 2930 5.
2286 2892 2362 2923 111.
2387 2894 2435 2926 in.

180 2966 229 3004 ¹⁵)
256 2967 309 2997 Ne
335 2966 416 3004 quid
443 2966 486 2996 de
511 2974 629 2996 eorum
654 2966 798 2997 levitate
824 2967 944 3004 dicam,
975 2967 1031 3005 qui
1058 2966 1250 2998 nominibus
1276 2975 1345 2998 non
1370 2968 1510 2999 mutatis
1536 2976 1595 3000 res
1620 2976 1754 3007 quoque
1779 2979 1846 3001 non
1871 2973 2022 3002 imitatas
2046 2979 2124 3001 esse
2149 2969 2359 3002 existiment:
2398 2970 2509 3002 veluti

260 3024 287 3054 si
314 3025 389 3063 quis
414 3024 598 3063 propterea
626 3024 716 3062 quod
741 3024 950 3055 sanctissimi
976 3025 1241 3056 Atheniensium
1267 3028 1411 3057 senatus
1437 3025 1626 3066 appellatio
1653 3027 1774 3058 eadem
1799 3036 1934 3067 semper
1956 3028 2043 3069 suit,
2079 3035 2218 3068 semper
2242 3029 2387 3060 eandem
2413 3029 2507 3062 illius

260 3087 297 3113 et
323 3085 533 3121 potestatem
560 3085 594 3113 et
620 3083 827 3124 dignitatem
852 3083 965 3114 fuisse
996 3084 1100 3117 dicat.
1159 3085 1230 3115 Iam
1257 3094 1340 3115 vero
1366 3084 1480 3123 qualis
1514 3084 1583 3114 suit
1609 3084 1667 3116 ille
1698 3086 1910 3128 Areopagus
1936 3097 1955 3118 a
1978 3088 2104 3119 Solone
2128 3088 2308 3119 institutus
2334 3091 2393 3118 ant
2419 3097 2510 3120 nova

258 3140 466 3171 auctoritate
491 3139 698 3180 instructus,
724 3141 835 3179 qualis
859 3141 948 3172 idem
973 3140 1032 3172 ille
1059 3152 1078 3172 a
1101 3141 1233 3173 Pericle
1259 3141 1403 3181 pristina
1426 3151 1490 3172 sua
1515 3142 1685 3183 dignitate
1696 3144 1892 3183 spoliatus?
1940 3146 2088 3185 Semper
2108 3145 2248 3176 suerunt
2274 3147 2509 3176 Romanorum

259 3197 408 3236 equites.
457 3198 507 3228 At
532 3198 608 3236 quis
636 3199 746 3229 nescit
773 3199 894 3229 mirum
920 3202 1085 3238 quantum
1111 3199 1310 3230 interfuisse
1335 3200 1426 3231 inter
1449 3202 1592 3232 veteres
1625 3199 1759 3241 equites
1791 3202 1847 3242 qui
1873 3202 1953 3235 inde
1991 3209 2013 3234 a
2038 3201 2237 3242 primordiis
2270 3203 2323 3236 rei
2354 3204 2510 3244 publicae

259 3255 431 3294 stipendia
455 3255 614 3286 facerent
639 3256 800 3295 bellaque
826 3262 994 3298 gererent
1022 3262 1128 3295 atque
1153 3267 1212 3288 eos
1237 3257 1292 3295 qui
1323 3261 1400 3296 post
1426 3257 1663 3290 Gracchorum
1689 3261 1880 3291 seditiones
1912 3261 2101 3303 vectigalia
2133 3265 2340 3293 exercerent
2372 3268 2509 3293 merca-

256 3317 434 3353 tuumque
458 3311 691 3350 factitarent?
