2684 3832
227 780 344 880 lle
402 772 715 874 turbata
772 776 1038 872 vetere
1097 792 1296 891 quae
1353 793 1404 871 a
1452 773 1818 895 Lycurgo
1861 772 2214 874 instituta
2258 778 2428 875 erat

439 933 441 937 ·
656 912 1445 1065 Lacedaemoniorum
1506 913 1995 1030 aequalitate.

301 1468 523 1545 Publice
557 1501 759 1544 scribendi
793 1509 882 1543 ante
918 1501 994 1543 hos
1018 1513 1094 1542 sex
1121 1512 1250 1542 annos
1289 1502 1352 1541 vel
1384 1501 1521 1543 oblata
1557 1501 1855 1555 opportunitate
1897 1502 1958 1541 vel
1997 1515 2070 1554 per
2102 1502 2277 1542 muneris
2318 1501 2509 1543 rationem

143 1569 333 1624 imposita
346 1558 458 1626 ¹¹'mihi
484 1568 720 1611 necessitate
750 1567 791 1608 in
821 1567 1050 1610 interiorem
1081 1568 1370 1620 Spartanorum
1415 1567 1472 1607 rei
1512 1567 1695 1620 publicae
1733 1573 1878 1608 statum
1917 1579 1962 1607 ac
2003 1567 2274 1608 condicionem
2310 1567 2510 1623 inquirere

142 1631 435 1679 institueramffi
462 1635 553 1686 Quo
589 1641 768 1688 tempore
810 1646 1048 1688 quamquam
1094 1640 1131 1673 et
1169 1645 1244 1685 ego
1285 1632 1371 1685 ipse
1408 1633 1672 1686 suspicabar,
1715 1640 1752 1674 et
1797 1646 1951 1673 mecum
1992 1646 2151 1686 omnes,
2196 1634 2339 1686 quibus
2383 1636 2511 1688 patria

144 1715 263 1742 curae
292 1703 477 1754 cordique
505 1706 610 1749 erat,
638 1699 759 1740 facile
785 1697 1075 1751 intelligebant,
1111 1698 1260 1739 multos
1288 1705 1326 1738 et
1354 1700 1458 1751 apud
1488 1713 1561 1740 nos
1590 1714 1696 1749 esse,
1740 1701 1808 1753 qui
1844 1700 1927 1740 alia
1967 1707 2207 1741 commutata
2242 1707 2279 1740 et
2308 1701 2509 1751 innovata,

143 1769 225 1809 alia
253 1770 471 1808 instaurata
498 1774 537 1808 et
569 1765 788 1816 emendata,
816 1764 898 1805 alia
927 1763 1093 1816 denique
1120 1763 1237 1805 novis
1262 1764 1475 1817 praesidiis
1502 1771 1540 1806 et
1568 1766 1822 1808 adminiculis
1860 1765 1959 1807 fulta
2003 1766 2150 1807 vellent
2190 1771 2229 1806 et
2266 1763 2510 1814 confirmata,

142 1847 225 1876 non
260 1839 391 1876 tamen
429 1838 641 1888 propterea
681 1831 862 1874 futurum
891 1842 977 1872 esse
1005 1829 1254 1880 arbitrabar,
1298 1835 1343 1872 ut
1382 1830 1671 1874 nihilomnino
1706 1831 1747 1874 in
1786 1844 1828 1874 re
1866 1831 2029 1886 publica
2064 1831 2144 1872 sibi
2179 1831 2337 1885 placere
2371 1832 2508 1886 palam

124 1899 462 1942 'vociferarentur
482 1899 693 1954 omniaque
714 1898 891 1939 funditus
908 1897 1119 1937 evertenda
1148 1907 1236 1937 esse
1264 1896 1483 1937 clamarent
1498 1897 1565 1951 qui
1583 1898 1715 1938 subito
1748 1898 1788 1938 in
1817 1898 1905 1951 ipsa
1933 1898 2051 1937 etiam
2080 1897 2251 1937 civitatis
2273 1897 2366 1938 sede
2393 1905 2510 1953 atque

145 1965 350 2007 domicilio
383 1966 620 2008 exstiterunt
648 1964 744 2006 novi
772 1963 973 2017 Lycurgi,
1004 1963 1187 2010 Solones,
1217 1962 1358 2004 Servii.
1414 1961 1612 2003 Dolebam
1642 1964 1822 2018 equidem
1850 1964 1952 2003 istos
1981 1963 2185 2014 homines,
2225 1962 2291 2016 qui
2318 1963 2397 2003 soli
2430 1964 2512 2004 sibi

143 2044 285 2085 sapere
333 2032 559 2073 viderentur
602 2031 886 2084 scientiamque
924 2042 1039 2069 suam
1076 2042 1151 2082 pro
1191 2037 1273 2069 una·
1304 2042 1401 2069 vera
1439 2029 1684 2070 venditantes
1724 2043 1979 2083 quaecunque
2013 2036 2154 2071 sancta
2189 2035 2226 2069 et
2259 2029 2448 2071 inviolata
2485 2044 2512 2071 a

143 2098 324 2152 patribus
352 2105 513 2152 accepta
535 2098 584 2138 ad
613 2098 714 2137 hanc
738 2108 862 2148 usque
889 2099 1058 2134 aetatem
1086 2107 1241 2135 summa
1270 2095 1417 2149 pietate
1445 2108 1491 2136 ac
1519 2096 1713 2148 religione
1742 2096 2021 2157 tenuissemus,
2054 2108 2101 2135 ea
2128 2094 2262 2135 omnia
2289 2095 2514 2136 abiicienda

143 2170 413 2218 perpetuaque
430 2163 630 2205 oblivione
656 2160 833 2204 obrucnd
850 2172 963 2201 aesse
986 2165 1203 2203 censerent.
1244 2159 1418 2202 Multum
1447 2174 1542 2202 sane
1569 2161 1718 2210 aberat,
1750 2167 1793 2202 ut
1821 2155 2066 2215 sapientibus
2087 2161 2168 2202 illis
2198 2162 2350 2202 similes
2379 2169 2514 2202 essent

144 2242 247 2284 quos
276 2230 391 2271 Plato
420 2230 460 2270 in
491 2228 743 2271 nobilissimo
771 2233 810 2268 et
829 2239 852 2266 a
873 2226 1062 2279 plurimis
1091 2226 1296 2267 decantato
1322 2227 1413 2266 loco
1442 2227 1550 2267 solos
1579 2228 1708 2268 bonos
1737 2240 1867 2267 rerum
1896 2228 2146 2280 publicarum
2175 2227 2405 2267 conditores
2422 2240 2512 2267 osse

145 2295 262 2346 dicit,
300 2295 410 2337 viros
450 2308 544 2336 vere
581 2294 780 2347 sapientes
821 2293 884 2332 vel
915 2293 1119 2333 studiosos
1156 2297 1262 2332 certe
1299 2304 1417 2332 verae
1444 2292 1677 2345 sapientiae,
1715 2293 1812 2332 recti
1837 2293 2072 2346 honestique
2102 2301 2293 2342 amantes,
2323 2291 2375 2332 ab
2403 2294 2514 2333 omni

145 2360 283 2402 fraude
298 2373 345 2402 ac
366 2348 555 2412 vanitate,
585 2373 609 2400 a
623 2357 869 2411 turpitudine
887 2363 924 2398 et
941 2358 1159 2398 temeritate
1173 2355 1448 2406 abhorrentes,
1474 2356 1614 2408 iustos,
1643 2362 1920 2411 temperanteS‚
1945 2358 2072 2399 fortes
2089 2363 2208 2411 atque
2227 2357 2455 2412 prudentes.
2470 2358 2511 2411 ¹)

199 2525 230 2569 ¹)
258 2526 390 2568 Quales
415 2526 482 2558 viri
510 2535 612 2567 quum
638 2530 804 2567 praesunt
818 2527 1031 2569 civitatibus,
1059 2528 1142 2559 tunc
1158 2527 1243 2559 illud
1257 2536 1362 2559 unum
1375 2528 1712 2568 praestantissimum
1728 2536 1842 2570 genus
1860 2528 1910 2560 rei
1926 2527 2084 2568 publicae
2106 2528 2264 2570 exsistit,
2290 2527 2510 2562 aristocratia

262 2585 338 2617 veri
370 2585 538 2626 nominis,
580 2594 648 2624 qua
678 2588 717 2618 ut
747 2585 834 2617 nihil
866 2585 1049 2625 optabilius
1088 2586 1211 2628 generi
1238 2586 1412 2629 humano,
1450 2586 1498 2618 ita
1528 2587 1613 2618 nihil
1637 2588 1748 2618 rarius
1773 2591 1831 2618 aut
1857 2586 2038 2617 difficilius
2073 2589 2128 2618 est
2158 2587 2318 2619 inventu.
2366 2588 2419 2619 De
2444 2587 2510 2618 hac

262 2643 478 2675 aristocratia
518 2643 554 2678 li.
580 2652 611 2675 e.
641 2644 843 2683 optimorum
876 2643 1022 2682 imperio
1053 2646 1090 2674 et
1122 2646 1287 2682 quantum
1326 2644 1435 2676 distet
1481 2646 1522 2676 ab
1555 2654 1598 2677 ea
1627 2646 1689 2676 vel
1720 2645 1882 2677 nobilium
1918 2645 1974 2676 vel
2007 2645 2155 2676 divitum
2185 2644 2387 2685 imperium,
2419 2654 2511 2684 quae

263 2698 453 2742 oligarchia
484 2703 543 2734 aut
580 2701 784 2742 plutocratia
821 2702 878 2734 vel
905 2700 1096 2734 timocratia
1122 2704 1188 2741 est,
1213 2702 1358 2735 consule
1389 2704 1582 2735 accuratam
1607 2703 1739 2735 Luzaci
1772 2703 2023 2744 expositionem
2056 2704 2092 2735 in
2116 2704 2246 2736 adnott.
2276 2704 2320 2734 ad
2352 2706 2441 2737 orat.
2465 2705 2511 2735 de

261 2759 414 2790 socrate
439 2759 517 2790 cive
541 2757 696 2791 habitam
721 2762 757 2791 et
779 2761 894 2802 Lugd.
923 2760 1047 2791 Batav.
1072 2767 1104 2791 a.
1130 2759 1174 2791 17
1185 2760 1231 2791 96
1253 2761 1380 2793 editam
1405 2770 1439 2800 p.
1462 2761 1622 2793 63—74.
1670 2762 1857 2793 Hfillmann
1883 2762 2102 2793 Staatsrecht
2125 2762 2187 2794 dea
2207 2760 2407 2801 Alterum».
2426 2761 2509 2792 111.

262 2815 445 2858 Goettling
473 2817 517 2848 de
540 2817 773 2849 Aristocratia
797 2819 957 2850 veterum
983 2818 1018 2850 in
1041 2819 1127 2850 Aet.
1151 2819 1265 2850 Acad.
1289 2815 1421 2850 lenens.
1446 2815 1535 2858 I-p.
1550 2816 1633 2850 465.
1680 2819 1896 2851 Schoemann
1914 2820 2182 2858 Antiquitatum
2204 2822 2298 2860 publ.
2317 2819 2379 2852 Gr.
2396 2829 2428 2859 p.
2447 2821 2509 2853 60.

261 2874 483 2916 Oligarchiae
514 2875 606 2907 enim
642 2874 716 2908 vim
748 2877 784 2909 et
817 2878 1030 2916 potestatem
1069 2876 1160 2916 apud
1192 2879 1337 2910 veteres
1369 2886 1438 2909 non
1474 2879 1544 2908 tam
1577 2876 1612 2908 in
1643 2884 1852 2919 paucorum,
1886 2886 1989 2916 quam
2026 2878 2061 2910 in
2097 2878 2244 2911 divitum
2279 2878 2510 2911 dominatione

260 2931 411 2970 positam
434 2931 548 2963 fuisse
572 2933 748 2971 sapienter
773 2934 891 2965 monet
914 2934 1066 2966 Aristot.
1089 2930 1189 2965 Polit.
1216 2934 1282 2974 lv,
1307 2933 1344 2974 3,
1368 2934 1403 2964 6.
1441 2928 1578 2976 μᾶλλον
1608 2931 1730 2965 τοίνυν
1762 2929 1901 2965 λεκτέον
1935 2927 1992 2966 ὅτι
2016 2929 2129 2977 δῆμος
2156 2934 2220 2978 μέν
2245 2932 2337 2966 ἐστιν
2358 2929 2450 2968 ὅταν
2474 2934 2510 2967 οῖ

262 2981 440 3034 ἐλεύθεροι
463 2981 581 3036 κύριοι
604 2980 704 3033 ὦσιν,
730 2983 925 3037 ὀλιγαρχία
949 2984 987 3023 δ’
1010 2983 1102 3024 ὅταν
1125 2987 1160 3024 οἱ
1183 2983 1361 3024 πλούσιοι.
1408 2990 1495 3024 Cum
1518 3001 1584 3031 quo
1609 2992 1875 3032 comparandum
1910 2995 1964 3024 est
1991 2992 2118 3024 dictum
2144 2991 2307 3025 Isocratis
2327 2994 2510 3037 Areopag.

260 3044 319 3085 28,
342 3045 388 3078 ’70
412 3047 549 3092 πρῶτον
575 3047 640 3093 μὲν
663 3042 823 3093 ἐμαυτὸν
847 3043 1020 3094 ἐπιδεῖξαι
1044 3042 1259 3093 βουλόμενος
1281 3043 1351 3083 οὐκ
1373 3044 1588 3095 ὀλιγαρχιῶν
1611 3044 1699 3083 οὐδὲ
1724 3044 1946 3096 πλεονεξιῶν,
1983 3043 2078 3083 ἀλλά
2101 3045 2245 3091 δικαίας
2269 3049 2336 3085 καὶ
2357 3050 2508 3095 κοσμίοις

261 3097 449 3143 πολιτείας.
502 3106 576 3139 Sed
608 3107 760 3146 peiorem
791 3107 926 3141 nullam
958 3108 1011 3140 rei
1041 3108 1199 3148 publicae
1229 3107 1374 3141 formam
1399 3112 1539 3141 veteres
1564 3108 1696 3148 politici
1718 3108 1917 3141 iudicarunt
1948 3118 2048 3148 quam
2072 3109 2302 3143 democratiae
2325 3111 2511 3154 licentiam,

265 3162 313 3194 cf.
338 3160 525 3196 Hfillmann
547 3163 574 3200 1.
597 3165 620 3197 1.
646 3174 728 3209 pag.
753 3165 825 3198 107
846 3175 913 3209 sq„
938 3166 1037 3197 cuius
1062 3166 1193 3207 pariter
1216 3169 1320 3207 atque
1344 3165 1529 3199 universae
1553 3166 1649 3198 illius
1674 3160 1936 3211 δημοκολάκων
1960 3167 2109 3199 nationis
2132 3167 2316 3212 egregiam
2338 3169 2437 3201 Plato
2461 3171 2508 3201 de

264 3220 319 3253 Re
341 3221 437 3260 publ.
462 3218 526 3255 Vl.
550 3232 583 3263 p.
608 3222 677 3255 488
702 3223 844 3256 exhibet
866 3222 1075 3266 imaginem,
1100 3233 1286 3264 eorumque
1311 3227 1405 3257 artes
1429 3227 1468 3257 ut
1491 3219 1679 3267 κολακείας
1704 3219 1843 3273 μόριον,
1868 3220 2046 3265 πολιτικῆς
2083 3222 2211 3273 μορίου
2235 3221 2382 3261 εἰδώλου
2405 3231 2511 3267 atque

262 3271 498 3326 ἀντίστροφον
525 3273 720 3325 ὀψοποιίας
750 3277 787 3314 ἐν
817 3281 925 3327 ψυχῇ
948 3280 1057 3325 Gorg.
1089 3292 1124 3324 p.
1149 3282 1230 3315 483.
1262 3283 1306 3317 D.
1339 3292 1391 3323 sq.
1424 3284 1597 3316 describit.
1655 3286 1863 3318 Audiendus
1896 3282 2054 3325 inprimis
2087 3284 2232 3328 Cicero,
2265 3285 2323 3324 qui
2347 3286 2511 3318 Servium

263 3336 415 3369 Tullium
438 3347 531 3370 nova
553 3347 621 3372 sua
643 3348 708 3380 per
732 3339 864 3373 classes
888 3341 1133 3374 distributione
1157 3341 1193 3373 id
1220 3341 1434 3382 potissimum
1463 3343 1580 3385 egisse
1604 3344 1723 3386 docet,
1743 3348 1781 3377 ut
1803 3341 1980 3386 suffmqia
2013 3351 2082 3376 non
2103 3341 2141 3375 in
2162 3341 2415 3386 multitudinis,
2450 3343 2517 3376 sea

2219 3398 2234 3422 a
