2684 3832
294 354 418 398 Multi
445 359 484 394 et
516 353 634 395 hodie
662 359 756 394 sunt
789 358 827 394 et
857 353 953 395 olim
982 352 1149 395 fuerunt
1179 350 1247 407 qui
1273 364 1392 407 quum
1422 364 1580 394 omnem
1607 351 1786 407 Lycurgi
1815 352 1855 393 in
1884 351 2091 394 condenda
2120 358 2158 395 et
2187 352 2432 395 instituenda
2459 365 2506 394 re

130 422 292 475 publica
318 420 571 474 prudentiam
598 419 916 471 admirarentur,
956 427 1040 463 tum
1072 419 1173 460 illud
1210 419 1398 473 inprimis
1436 432 1480 460 se
1507 431 1588 459 non
1615 419 1716 459 satis
1743 419 1885 459 mirari
1914 432 2035 472 posse
2074 419 2272 469 dicerent,
2310 420 2376 473 qui
2416 419 2506 460 fieri

131 488 317 542 potuerit,
345 492 390 527 ut
413 486 510 527 haec
540 486 692 537 eadem,
723 492 938 540 postquam
969 487 1091 527 unius
1116 485 1194 527 viri
1222 485 1461 527 auctoritate
1489 490 1692 526 exstructa
1723 489 1850 534 esset,
1890 491 1949 526 tot
1976 485 2136 525 saecula
2177 491 2286 526 certa
2313 492 2435 526 staret
2464 492 2504 527 et

129 554 307 595 immota.
365 551 443 600 Qui
472 565 592 605 quum
621 552 755 592 omnia
785 564 812 591 a
839 551 1024 605 Lycurgo
1050 552 1148 592 bene
1176 552 1449 604 sapienterque
1474 551 1657 592 instituta
1685 551 1879 601 viderent,
1909 557 1992 591 tum
2014 551 2160 591 civium
2190 552 2303 592 illam
2331 552 2503 604 aequali-

130 624 265 668 tatem,
296 617 361 657 cui
389 624 588 672 tamquam
616 617 847 660 firmissimo
877 618 1134 660 fundamento
1163 631 1248 659 rem
1276 618 1480 671 publicam
1507 630 1617 658 suam
1655 616 2019 671 superstruxisset,
2056 629 2175 670 quam
2212 623 2344 659 tamen
2381 617 2504 659 iidem

130 682 321 724 callidius
349 684 618 734 excogitatam
645 696 762 737 quam
787 684 837 724 ad
868 684 992 725 ullam
1023 684 1335 725 immortalitatis
1365 696 1476 736 spem
1499 683 1688 723 subtilius
1717 682 1916 723 inventam
1939 696 2024 723 esse
2044 682 2359 736 suspicarentur,
2387 697 2503 724 num-

130 762 246 802 quam
277 761 321 789 se
350 749 448 790 satis
476 762 596 802 posse
626 762 818 790 exornare
846 750 984 790 verbis
1008 749 1213 803 putabant.
1273 748 1614 798 Quemadmodum
1643 754 1773 789 autem
1803 748 1975 789 humana
2005 748 2160 801 omnia,
2199 756 2336 802 utpote
2361 756 2504 790 natura

130 827 203 856 sua
241 815 388 856 caduca
426 821 464 856 et
502 815 662 870 fragilia
700 829 820 870 eaque
862 815 910 856 de
941 828 1062 856 causa
1092 828 1186 856 mox
1213 814 1403 869 peritura,
1437 815 1558 856 morti
1587 815 1782 856 destinata
1821 821 1916 855 sunt
1946 821 1983 854 et
2008 815 2057 854 ad
2086 815 2291 856 interitum
2319 821 2502 869 vergunt,

129 881 188 921 ita
216 881 287 921 hae
317 894 467 934 quoque
496 881 680 936 Lycurgi
706 882 814 935 leges
845 890 882 923 et
911 882 1089 922 instituta
1127 887 1278 921 tantum
1306 881 1430 933 abest,
1463 888 1503 922 ut
1533 883 1680 923 mirum
1708 882 1782 932 sit,
1813 881 1919 935 quod
1950 880 2107 921 tandem
2138 881 2353 934 aliquando
2403 882 2502 922 anti-

131 954 252 1000 quata
280 954 375 989 sunt
403 954 439 988 et
468 946 648 990 funditus
678 961 829 1000 eversa,
866 954 908 990 ut
938 948 977 988 id
1007 947 1135 1001 magis
1165 947 1304 988 mirari
1333 947 1561 999 debeamus,
1601 960 1681 988 non
1710 947 1817 1000 quod
1848 947 2011 988 omnino
2040 947 2152 1001 lapsa
2182 954 2241 988 est
2270 955 2307 989 et
2341 947 2504 1000 cecidit,

130 1013 201 1054 sed
230 1013 334 1067 quod
364 1019 424 1055 tot
451 1013 617 1055 saecula
643 1012 757 1054 firma
783 1019 821 1054 et
851 1013 1091 1055 inconcussa
1118 1014 1226 1054 stetit
1255 1014 1544 1067 Spartanorum
1576 1026 1640 1053 res
1669 1012 1895 1066 publica.³)

293 1120 354 1160 De
397 1119 555 1159 turbata
596 1125 729 1158 autem
770 1120 986 1172 praecipue
1029 1119 1321 1170 Spartanorum
1364 1117 1602 1169 aequalitate
1633 1116 1701 1169 qui
1729 1117 1914 1157 subtilius
1948 1118 2147 1158 disserere
2196 1118 2431 1168 instituunt,
2473 1116 2505 1157 ii

131 1186 357 1227 accuratius
388 1187 593 1240 exquirere
622 1185 822 1227 debebunt
850 1192 888 1226 et
920 1185 1144 1239 explorare,
1186 1183 1313 1237 qualis
1351 1182 1486 1234 suerit,
1527 1183 1620 1223 dum
1653 1183 1807 1236 integra
1848 1184 1957 1224 stetit
1990 1191 2027 1224 et
2060 1184 2236 1224 immota.
2295 1184 2340 1225 Id
2369 1190 2504 1225 autem

132 1264 156 1290 a
184 1251 379 1305 peculiari
401 1251 533 1292 indole
562 1265 608 1292 ac
636 1258 777 1293 natura
794 1252 1078 1304 Spartanorum
1105 1250 1364 1303 repetendum
1395 1256 1464 1289 est.
1522 1248 1666 1304 Longe
1696 1250 1800 1289 enim
1829 1251 1908 1290 alia
1924 1257 2037 1304 atque
2062 1252 2307 1303 reliquarum
2324 1252 2502 1295 omnium

132 1315 303 1357 Doricae
338 1317 466 1371 gentis
515 1317 619 1358 ratio
657 1318 758 1369 fuit,
805 1318 949 1372 quippe
993 1330 1091 1373 quae
1129 1329 1250 1371 quum
1300 1329 1324 1356 a
1353 1315 1494 1369 primis
1532 1315 1614 1356 sere
1656 1316 1780 1357 initiis
1823 1318 2023 1371 multoque
2058 1325 2149 1358 ante
2177 1317 2503 1371 Peloponnesum

134 1388 403 1436 expugnatam
423 1383 548 1423 variis
572 1383 758 1424 fortunae
788 1385 1091 1438 tempestatibus
1123 1385 1267 1423 iactata
1297 1383 1416 1422 aliam
1446 1396 1493 1421 ex
1521 1382 1602 1422 alia
1629 1383 1798 1435 patriam
1829 1397 2019 1435 quaerere
2048 1383 2321 1437 cogeretur,⁴)
2346 1384 2395 1424 ad
2419 1397 2504 1423 eam

133 1448 424 1501 inaequalitatis
452 1449 637 1500 formam,
674 1462 792 1504 quarn
822 1450 863 1490 in
893 1450 1011 1491 certis
1040 1450 1312 1504 diuturnisque
1351 1447 1511 1490 sedibus
1548 1454 1692 1489 natura
1733 1449 1847 1503 quasi
1882 1449 2038 1490 iubente
2080 1450 2179 1490 oriri
2214 1450 2502 1504 paullatimque

135 1526 314 1554 crescere
343 1520 380 1554 et
408 1513 561 1554 firmari
587 1515 779 1568 videmus,
809 1516 1015 1570 pervenire
1042 1516 1204 1556 omnino
1234 1528 1314 1555 non
1341 1515 1481 1568 potuit.
1549 1514 1688 1567 Neque
1716 1522 1939 1569 expugnata
1967 1516 2244 1569 Peloponneso
2282 1530 2347 1556 res
2383 1518 2502 1557 aliter

134 1587 363 1633 comparata
396 1580 487 1625 fuit.
562 1581 676 1633 Quos
711 1582 816 1622 enim
855 1595 980 1632 agros
1021 1595 1162 1622 omnes
1199 1582 1289 1634 pari
1326 1584 1470 1621 virtute
1506 1587 1542 1620 et
1568 1581 1801 1621 fortitudine
1833 1590 2124 1635 occupaverant
2159 1595 2333 1636 quosque
2375 1583 2501 1622 armis

133 1653 271 1699 partos
300 1647 424 1687 armis
454 1647 554 1688 tueri
580 1647 788 1700 debebant,
819 1661 887 1688 eos
916 1661 1080 1701 aequum
1121 1654 1206 1688 erat
1236 1660 1361 1699 aequo
1403 1647 1487 1687 iure
1526 1647 1629 1687 inter
1659 1661 1797 1688 omnes
1837 1647 2038 1689 distribui.
2111 1648 2176 1689 Sic
2211 1648 2369 1689 demum
2407 1661 2501 1702 spes

135 1719 219 1752 erat
250 1712 351 1764 sore,
380 1720 424 1753 ut
452 1713 657 1767 peregrini
685 1715 873 1764 victores,
902 1727 1023 1768 quum
1054 1714 1230 1754 universi
1259 1721 1397 1754 contra
1428 1714 1639 1754 universos
1663 1720 1825 1766 starent,
1857 1728 1980 1769 agros
2005 1714 2045 1755 vi
2063 1721 2200 1768 captos
2217 1715 2255 1755 vi
2273 1715 2502 1764 retinerent,

189 1923 219 1960 ³)
254 1925 386 1956 Verum
417 1935 483 1965 qno
514 1926 624 1957 minus
658 1927 871 1966 antiquitatis
917 1927 1077 1958 instituta
1118 1928 1229 1958 omnia
1268 1935 1373 1962 caeco
1414 1930 1565 1967 quodam
1609 1929 1722 1960 studio
1767 1936 2013 1967 persequamur
2047 1934 2159 1966 neque
2197 1927 2380 1965 quidquam
2416 1937 2499 1966 prae

253 1981 322 2012 illis
349 1984 538 2022 prudenter
560 1985 801 2023 sapienterque
827 1994 849 2015 a
872 1986 998 2016 nostris
1023 1985 1221 2015 hominibus
1255 1985 1329 2016 fieri
1365 1987 1518 2017 dicamus
1545 1988 1718 2027 prohibet,
1753 1989 1788 2015 ut
1814 1994 1856 2015 ea
1881 1988 1977 2023 utar,
2015 1985 2250 2015 Helvetiorum
2285 1984 2429 2017 historia
2463 1990 2500 2017 et

247 2041 504 2079 simplicissima
544 2050 632 2080 quae
665 2044 923 2074 Helveticarum
957 2044 1112 2083 gentium
1138 2047 1192 2074 est
1235 2044 1285 2075 rei
1322 2045 1480 2083 publicae
1521 2046 1643 2077 sonna.
1715 2043 1881 2075 Nimirum
1914 2046 2039 2082 quanto
2076 2042 2263 2082 simplicior
2296 2047 2351 2075 est
2379 2043 2500 2075 cuius-

241 2108 306 2137 que
342 2098 392 2130 rei
427 2099 586 2138 publicae
621 2102 869 2141 gubernandae
907 2103 942 2134 et
976 2100 1265 2133 administrandae
1301 2100 1388 2134 ratio
1415 2107 1611 2143 quantoque
1637 2103 1746 2134 minor
1771 2102 1897 2133 rivium
1923 2108 2104 2139 numerus,
2139 2102 2234 2132 tanto
2260 2101 2390 2132 tutiora
2416 2105 2500 2133 sunt

245 2157 359 2188 onmia
385 2158 425 2187 ab
452 2158 703 2190 ambitiosorum
736 2160 907 2191 hominum
941 2160 1177 2200 regnandique
1204 2162 1403 2200 cupidorum
1440 2163 1554 2193 surore
1587 2166 1749 2200 tantoque
1777 2162 1883 2192 maior
1906 2164 1960 2191 est
1985 2160 2218 2190 diuturnitatis
2244 2169 2324 2199 spes
2350 2160 2387 2190 et
2412 2168 2500 2191 con·-

243 2215 406 2248 stantiae,
465 2216 538 2255 Quo
573 2218 707 2248 nomine
741 2218 865 2257 dignus
905 2221 956 2249 est
989 2218 1045 2256 qui
1078 2219 1216 2259 legatur
1250 2220 1316 2250 etsi
1348 2229 1469 2250 recens
1499 2221 1647 2258 scriptor
1674 2219 1701 2252 1.
1731 2219 1773 2250 G.
1799 2220 1941 2249 Kohlius
1975 2219 2008 2250 iu
2035 2217 2122 2249 libro
2152 2219 2193 2248 ab
2227 2219 2303 2257 ipso
2337 2219 2432 2250 edito
2463 2222 2500 2250 et

240 2271 474 2312 Alpenreisen
508 2274 673 2314 inscripto
710 2276 791 2309 Vol.
820 2275 847 2306 1.
880 2286 913 2315 p.
942 2276 1022 2307 316.
1083 2274 1135 2306 Es
1167 2274 1214 2307 ist
1245 2279 1300 2308 eiu
1325 2276 1450 2308 hiiclest
1474 2275 1760 2317 ’newa-wilram&
1792 2276 1865 2307 und
1887 2284 1957 2307 von
1981 2274 2047 2306 den
2073 2273 2400 2307 schweizerischen
2426 2275 2499 2307 Ge-

241 2328 591 2363 sclaiclnsckreibern
621 2329 719 2364 nicht
755 2340 871 2374 yenuy
901 2332 1227 2374 hert-orqehobenes
1250 2333 1431 2377 Factum,
1469 2334 1550 2366 dass
1574 2333 1670 2366 die-se
1698 2334 1903 2366 L'rlmnlone
1935 2332 1998 2364 mic
2029 2333 2095 2364 der
2126 2332 2320 2364 sclaeinbar
2343 2333 2498 2376 qesdhr-

242 2386 394 2418 licltsten
419 2389 492 2419 und
516 2390 801 2421 wandelbarsten
831 2391 1057 2434 Verfassuny
1078 2399 1146 2422 von
1170 2392 1236 2422 der
1264 2392 1383 2433 ll'ele,
1418 2392 1481 2423 der
1504 2393 1646 2434 τηρήσει,
1677 2391 1775 2422 nic-hl
1799 2400 1870 2421 mer
1893 2390 2106 2429 alljiilerlich
2139 2392 2209 2421 alle
2234 2392 2386 2422 Beamle
2420 2392 2498 2423 ihre

242 2454 355 2485 yanze
382 2445 526 2478 G'ewalt
559 2446 595 2478 δη
621 2448 687 2478 den
711 2449 864 2480 Scleooss
897 2449 958 2480 des
990 2449 1121 2480 Vola-es
1151 2448 1421 2492 zurit‘clrleyen7
1457 2452 1611 2481 somlern
1642 2450 1737 2481 auch
1767 2445 1839 2481 alle
1872 2449 1966 2480 allen
2000 2448 2071 2480 und
2089 2457 2203 2480 neuen
2231 2447 2394 2490 Geselze,
2426 2450 2498 2482 alle

245 2503 341 2533 alten
367 2498 645 2536 Gewolm'heiten
667 2506 740 2537 mid
761 2505 870 2547 Alles,
896 2515 975 2537 was
999 2506 1109 2538 durch
1133 2504 1187 2539 die
1213 2505 1401 2539 Gewallen
1427 2507 1487 2540 des
1513 2504 1652 2538 Laudes
1672 2504 1714 2545 je
1736 2505 1853 2537 durch
1875 2505 1940 2537 das
1965 2504 2074 2536 ,Melu-
2096 2504 2322 2537 enlschieden
2346 2505 2404 2547 isl,
2422 2505 2498 2550 fiir

247 2556 347 2591 einen
378 2558 602 2603 Auyenbliclc
635 2561 842 2605 suspendit·e
879 2562 1041 2605 werden,
1079 2561 1195 2596 indem
1224 2564 1297 2596 alle
1331 2563 1429 2596 diese
1458 2563 1574 2607 Dinye
1614 2562 1667 2595 bet·
1695 2561 1803 2603 jeder
1834 2562 2136 2603 Lcmdsyemee'ude
2168 2563 2248 2594 dem
2285 2563 2394 2595 Volke
2426 2571 2496 2593 zur

246 2618 489 2662 Besliiliguny
518 2620 699 2662 ronyeleyt
731 2623 871 2653 werden
881 2643 896 2663 ,
932 2620 1010 2652 siclt
1041 2621 1132 2652 cloch
1167 2621 1468 2654 unz-eriindcrlich
1502 2622 1568 2653 seit
1599 2621 1811 2652 mindeslens
1834 2621 1918 2652 500
1939 2622 2076 2651 Jaleren
2110 2621 2236 2652 immor
2268 2621 2497 2662 unablaiinyiq

247 2675 321 2708 und
343 2677 439 2708 ιιιιοΙι
463 2676 587 2710 immet·
610 2678 664 2711 bei
687 2679 868 2712 cler-selben
892 2678 1192 2711 unwandelbaren
1223 2680 1440 2724 Versassunq
1463 2680 1620 2712 erleallen
1646 2679 1769 2712 leuben.
1822 2677 1906 2711 Il't'e
1931 2678 2137 2711 wechselud
2160 2678 2233 2710 und
2253 2677 2500 2711 scateant-end

245 2732 385 2774 zeiqten
413 2733 491 2767 siclt
524 2736 622 2769 nicht
652 2737 709 2769 die.
740 2736 986 2770 ilalieuiscleen
1017 2736 1094 2768 und
1120 2736 1371 2779 yriecltiscleen
1401 2738 1665 2770 Demolssmien.
1725 2737 1809 2768 U'ie
1831 2736 1885 2780 os!
1910 2736 2047 2780 eryriff
2072 2737 2129 2768 ein
2158 2736 2386 2768 Votltseribun
2411 2738 2497 2768 oder

249 2790 395 2832 Tyrulm
419 2793 476 2827 die
498 2794 623 2837 Ziiyel.
688 2795 770 2828 wie
796 2794 922 2840 leiiufig·
951 2803 1034 2827 war
1063 2796 1128 2827 ‹Ier
1156 2795 1329 2827 Vl'eclese!
1358 2794 1541 2827 zwisclwn
1566 2794 1797 2827 Demostrati&
1831 2794 1904 2825 und
1926 2793 2180 2835 Ariston-rane,
2217 2794 2290 2825 und
2312 2794 2496 2826 Anarchie

246 2856 320 2887 und
342 2854 585 2897 Ocltlolrratie,
622 2855 695 2886 und
716 2854 920 2896 Oliya1·cltie
949 2855 1020 2886 und
1043 2854 1225 2895 Despotie.
1281 2853 1413 2887 Die-sen
1445 2854 1555 2885 Heben
1583 2857 1753 2895 yelreuen
1788 2852 2111 2885 sch21·‹›i:.‹·ri.s·clwn
2143 2852 2362 2884 Landlenlen
2398 2852 2497 2886 witz!

245 2914 315 2944 alte
337 2913 435 2945 Jahr
459 2922 500 2945 so
524 2923 572 2944 zoe
597 2920 708 2954 sayen
732 2913 797 2944 das
823 2920 939 2953 yanze
956 2911 1240 2954 Sttmtsyebiiude
1263 2922 1311 2944 zu
1325 2913 1466 2944 Fe‘issen
1490 2913 1615 2954 ydem,
1640 2912 1714 2943 med
1733 2911 2050 2955 siinslmndm‘lma!
2075 2910 2185 2949 leuben
2211 2909 2273 2951 sie,
2302 2909 2418 2942 itidem
2442 2911 2494 2943 sie

239 2969 319 3000 siclt
343 2972 416 3003 und
437 2971 502 3003 den
531 2969 805 3003 Gewohnlteilen
829 2968 931 3002 ihrer
963 2969 1079 3002 Vener
1115 2971 1188 3014 auf
1214 2969 1292 3003 eine
1321 2972 1455 3003 settene
1483 2969 1606 3002 ll'eise
1638 2973 1720 3002 ‘rea
1742 2969 1944 3014 gebiieben,
1977 2969 2136 3001 ‹lasselbe
2166 2968 2302 3001 wieder
2332 2970 2406 3012 aus
2429 2970 2494 3001 das

239 3027 311 3059 alte
335 3026 542 3061 Postumen!
566 3029 713 3070 yeslellt.
762 3029 852 3070 Quid
876 3030 965 3068 quod
990 3030 1060 3059 alia
1084 3031 1190 3060 inulta
1215 3033 1352 3061 veteres
1378 3030 1539 3068 Spartani
1572 3038 1648 3059 cum
1672 3030 1798 3060 nostris
1823 3030 2015 3069 Helvetiis,
2050 3029 2107 3068 qui
2145 3029 2279 3067 quidem
2317 3028 2491 3067 antiquam

238 3085 331 3116 illam
360 3087 395 3117 et
418 3088 564 3118 mediam
589 3088 786 3118 Helvetium
811 3086 979 3127 incolunt,
1006 3088 1195 3119 communia
1219 3088 1357 3119 habent.
1414 3088 1461 3118 Ut
1485 3088 1573 3118 enim
1600 3089 1691 3127 apud
1717 3089 1906 3127 Spartanos
1931 3088 2048 3126 optimi
2080 3087 2205 3124 quique
2238 3090 2272 3117 et
2304 3086 2492 3119 fortissimi

240 3143 308 3175 viri
340 3145 586 3177 acclamatione
620 3144 747 3176 civium
781 3145 815 3176 in
847 3148 1007 3176 senatum
1038 3145 1273 3189 legebantur,
1307 3145 1356 3177 ita
1390 3155 1478 3177 nunc
1511 3153 1645 3184 quoque
1679 3149 1841 3187 agrestes
1878 3144 1925 3176 illi
1961 3144 2115 3177 homiues
2150 3143 2231 3174 altis
2265 3143 2491 3176 clamoribus:

237 3198 297 3242 Jo,
315 3198 370 3243 jo,
396 3200 463 3233 den
485 3201 650 3234 weimer!
672 3202 739 3234 den
764 3200 932 3234 weimer!
962 3201 1059 3233 hunc
1083 3203 1257 3245 volumus,
1283 3201 1379 3233 hunc
1404 3204 1584 3234 consulem
1610 3212 1688 3234 esse
1712 3202 1898 3234 iubemus!
1928 3213 2009 3234 suos
2036 3203 2104 3233 sibi
2140 3203 2342 3241 praeficiunt
2377 3204 2491 3243 magi-

238 3258 378 3290 stratus.
426 3260 518 3291 Vide
544 3262 644 3292 eund.
669 3262 828 3293 Kohlium
854 3263 878 3295 1.
905 3263 928 3293 l.
954 3271 985 3301 p.
1010 3262 1069 3294 89.

174 3328 207 3370 ⁴)
239 3329 335 3362 Gens
359 3332 401 3361 ab
425 3331 603 3363 Herodoto
630 3334 659 3375 1,
682 3333 727 3363 56
752 3342 794 3364 ea
819 3333 862 3364 de
888 3341 993 3363 causa
1017 3329 1122 3372 ἔθνος
1146 3325 1420 3371 πολυπλάνητον
1444 3323 1559 3377 κάρτα
1585 3333 1770 3373 appellata.
