2684 3832
1320 139 1376 183 14

255 309 453 357 Quamdiu
482 308 605 361 igitur
642 319 731 348 cum
764 309 967 346 crescente
1005 315 1167 345 numero
1211 302 1359 344 civium
1400 302 1557 356 imperii
1596 315 1756 357 quoque
1795 302 1889 344 fines
1923 305 2245 357 propagabantur
2273 311 2339 345 aut
2367 313 2528 348 servata

142 377 302 431 imperii
331 375 603 418 incolumitate
642 371 792 413 civium
832 381 1029 412 numerus
1071 382 1151 411 non
1193 368 1411 411 admodum
1448 369 1689 422 fluctuabat,
1724 375 1857 412 vetere
1885 370 1955 413 illo
1983 371 2225 414 libramento
2255 370 2312 413 rei
2341 372 2529 426 publicae

141 443 321 485 nondum
351 442 525 490 turbato,
553 439 698 492 procul
728 444 811 479 erat
839 438 909 478 illa
935 437 1064 487 ruina,
1094 447 1175 489 qua
1203 436 1412 489 paullatim
1441 441 1526 477 tota
1555 436 1695 477 civitas
1723 436 1774 476 ad
1802 436 2006 478 interitum
2035 437 2290 480 trahebatur:
2322 438 2400 479 iam
2429 452 2527 482 vero

142 510 283 552 subito
321 507 449 549 media
476 505 584 545 inter
618 503 823 545 Persicum
861 508 899 543 et
925 501 1308 555 Peloponnesiacum
1348 502 1496 542 bellum
1532 508 1659 542 aetate
1696 508 1850 543 mutata
1879 509 1938 544 est
1967 503 2111 544 civium
2140 503 2368 556 multitudo,
2403 517 2528 558 quum

144 588 220 630 pro
250 584 390 614 novem
419 570 605 611 decemve
634 567 797 609 milibus
825 568 892 608 vix
921 567 1095 621 quinque
1123 567 1187 608 vel
1215 581 1287 608 sex
1322 567 1446 608 fuisse
1475 565 1745 622 dicantur.⁴³)
1810 567 2035 611 Coniuncta
2061 569 2135 610 fuit
2162 568 2257 609 haee
2285 570 2432 610 civium
2459 570 2528 612 (10-

144 639 311 682 minutio
340 648 430 677 cum
460 637 540 677 alia
568 635 717 687 insigni
744 634 870 685 clade,
900 646 1001 687 quae
1026 639 1064 674 et
1092 633 1180 686 ipsa
1208 633 1328 674 huius
1357 634 1534 674 iacturae
1563 645 1686 674 causa
1714 633 1817 685 suit,
1846 648 1927 689 qua
1956 642 1994 677 et
2022 634 2235 677 fundorum
2265 641 2302 675 et
2328 636 2528 678 redituum

144 707 236 749 inde
264 702 609 758 percipiendorum
638 700 854 753 aequalitas
883 699 938 740 ita
966 700 1089 740 mixta
1118 704 1178 740 est
1204 704 1243 739 et
1271 699 1457 747 confusa,
1495 704 1540 740 ut
1567 698 1645 739 iam
1676 712 1780 740 nova
1808 700 1996 742 vitiorum
2023 701 2167 743 cohors
2197 700 2527 743 Lacedaemoniis

145 772 278 815 adhuc
308 769 523 823 incognita,
551 766 744 809 invidiam
773 766 864 808 dico
895 772 933 808 et
961 765 1172 808 avaritiam
1201 777 1293 808 cum
1314 765 1467 820 reliqua
1490 765 1683 807 malarum
1712 765 1926 809 libidinum
1955 767 2083 818 turba,
2111 767 2153 809 in
2182 767 2377 809 civitatem
2421 767 2528 811 irm-

147 845 244 883 eret.
301 838 404 880 Nam
434 835 496 877 cui
525 833 732 876 inauditus
761 839 821 875 est
849 833 1123 874 memorabilis
1153 840 1280 875 terrae
1308 837 1462 885 motus,
1502 845 1577 886 quo
1608 845 1732 887 quum
1759 838 1882 875 totam
1911 834 2155 877 Laconicam
2197 839 2393 876 vastatam
2443 841 2528 878 tum

144 903 329 958 inprimis
362 903 554 955 Spartam
583 899 720 941 urbem
749 898 924 940 dirutam
951 898 1210 953 funditusque
1240 910 1423 940 eversam
1464 910 1552 940 esse
1581 899 1817 953 accepimus.
1829 898 1898 956 ⁴⁴)
1967 900 2122 944 Eodem
2160 907 2336 955 tempore
2365 901 2527 944 tertium

145 970 292 1012 bellum
320 968 571 1010 Messenium
600 965 775 1018 exarsit,
804 964 909 1020 quod
940 970 978 1006 et
1005 965 1136 1019 ipsum
1162 978 1211 1006 ex
1239 964 1316 1006 hac
1343 965 1454 1007 fatali
1484 964 1897 1008 Lacedaemoniorum
1931 966 2044 1010 clade
2073 962 2208 1010 natum
2236 979 2323 1010 esse
2353 972 2526 1020 constat,

148 1037 343 1092 quodque,
373 1034 564 1089 quidquid
593 1033 788 1086 reliquum
818 1037 902 1072 erat
931 1045 980 1072 ex
1010 1032 1200 1072 universa
1229 1038 1314 1073 tum
1343 1031 1547 1073 hominum
1582 1038 1665 1073 tum
1699 1045 1834 1073 rerum
1880 1028 2060 1075 omnium
2090 1033 2257 1087 iactura,
2287 1046 2365 1074 una
2392 1039 2527 1087 strage

146 1103 346 1159 oppressit
374 1107 491 1155 atque
518 1099 717 1141 exstinxit.
772 1097 836 1138 Ex
868 1098 940 1138 illo
970 1097 1074 1138 enim
1103 1103 1283 1151 tempore
1310 1101 1457 1152 partim
1486 1098 1513 1139 ii
1543 1098 1705 1141 deerant
1742 1099 1806 1154 qui
1845 1104 1886 1141 et
1911 1112 2025 1142 arma
2051 1100 2157 1143 ferre
2181 1107 2221 1143 et
2246 1113 2367 1155 agros
2395 1100 2528 1142 colere

145 1175 323 1225 possent,
354 1168 499 1222 partim
528 1178 664 1206 eorum
695 1164 868 1204 maxima
911 1164 1061 1203 iactura
1101 1163 1210 1204 facta
1244 1170 1302 1204 est
1339 1176 1387 1205 ex
1425 1164 1570 1217 quibus
1607 1177 1714 1207 nova
1750 1166 2017 1219 exspectanda
2045 1174 2177 1208 essent
2214 1166 2359 1208 civium
2388 1165 2527 1207 incre-

146 1241 281 1280 menta
320 1232 614 1287 iuventutisque
650 1229 875 1286 progenies.
931 1227 1051 1269 Prole
1089 1233 1222 1270 autem
1251 1227 1455 1272 deficiente
1493 1234 1587 1272 tunc
1623 1229 1796 1274 maxime
1839 1231 1975 1286 plures
2004 1231 2150 1276 domus
2176 1230 2388 1275 hereditate
2415 1230 2526 1285 iungi

147 1310 331 1359 coeptae,
368 1312 469 1356 quae
505 1300 716 1354 quominus
754 1309 895 1337 rursus
934 1296 1234 1344 dirimerentur,
1267 1296 1414 1335 civium
1461 1297 1598 1352 inopia
1645 1309 1727 1338 non
1764 1298 1895 1339 minus
1934 1298 2122 1341 obstabat
2162 1309 2279 1353 quam
2317 1298 2526 1340 hominum

146 1370 318 1411 avaritia
347 1376 384 1407 et
413 1380 538 1419 prava
566 1364 738 1404 habendi
764 1363 903 1403 libido.
955 1361 1064 1400 Haec
1091 1368 1224 1401 autem
1254 1362 1321 1401 vix
1350 1363 1428 1401 dici
1457 1370 1589 1415 potest
1619 1376 1735 1414 quam
1764 1364 2360 1405 celeriterLacedaemonim-um
2389 1375 2526 1403 mores

146 1433 429 1477 contaminarit
460 1439 498 1472 et
534 1429 712 1483 priscam
749 1426 1045 1480 simplicitatem
1084 1439 1130 1467 ac
1170 1426 1441 1479 frugalitatem
1478 1428 1714 1481 corruperit.
1770 1427 1972 1470 Nolebant
1999 1429 2071 1485 qui
2097 1430 2230 1471 subito
2259 1430 2400 1470 divites
2428 1429 2526 1470 facti

146 1506 258 1544 erant
286 1498 473 1553 pluribus
512 1494 652 1537 liberis
690 1493 882 1536 tollendis
921 1492 1097 1549 gentium
1127 1504 1288 1534 suarum
1316 1493 1572 1546 splendorem
1602 1493 1840 1548 obscurare,
1888 1501 2030 1538 contra
2067 1495 2136 1549 qui
2175 1496 2217 1537 in
2253 1500 2526 1549 paupertatem

149 1565 327 1621 depressi
383 1568 497 1604 erant
535 1561 684 1602 liberos
721 1558 774 1599 ad
816 1570 903 1598 eam
952 1569 1073 1613 quam
1119 1557 1197 1612 ipsi
1233 1571 1350 1613 aegre
1388 1559 1539 1601 ferrent
1575 1559 1754 1614 Inopiam
1803 1561 1969 1604 educare
2016 1559 2418 1616 aspernabantur‚4⁵)
2456 1559 2525 1614 qui

148 1633 315 1686 denique
342 1631 382 1670 in
409 1629 578 1669 modicis
609 1626 747 1667 fundis
777 1638 801 1665 a
829 1624 1011 1679 patribus
1036 1624 1209 1677 acceptis
1240 1626 1361 1679 quieti
1389 1627 1567 1666 viverent
1610 1632 1678 1667 aut
1706 1627 1808 1668 nulli
1838 1634 1905 1669 aut
1933 1628 2122 1681 perpauci
2159 1633 2311 1668 tantum
2348 1626 2524 1667 invenie-

243 1868 453 1909 aequalitate
476 1866 602 1899 civium
628 1868 705 1898 orta
730 1865 823 1904 erat,
858 1862 919 1896 sed
945 1872 986 1896 ex
1011 1862 1126 1895 subita
1152 1861 1266 1905 inopia
1292 1863 1474 1907 prosecta,
1509 1872 1577 1904 qua
1611 1867 1711 1906 parte
1737 1863 1854 1907 aliqua
1878 1864 2052 1899 redituum
2078 1875 2122 1899 ex
2147 1865 2400 1899 Messeniorum
2425 1863 2524 1908 agris

242 1926 544 1968 percipiendorum
576 1926 714 1964 praeter
745 1922 940 1962 opinionem
974 1922 1102 1952 annssa
1136 1923 1391 1962 premebantur.
1439 1923 1602 1955 Accessit
1635 1924 1745 1957 sames
1771 1929 1806 1957 et
1831 1933 1873 1957 ex
1900 1933 1943 1957 ea
1974 1927 2049 1957 orta
2075 1923 2281 1964 pestilentia.
2330 1923 2440 1964 Quam
2466 1932 2527 1955 se-

244 1987 406 2016 ditionem
432 1984 513 2014 inde
538 1984 656 2013 natam
684 1990 762 2012 esse
788 1980 940 2010 Pausan.
979 1978 1045 2020 1v,
1072 1979 1137 2020 ts,
1168 1979 1192 2008 2
1217 1981 1311 2020 dicit,
1338 1988 1385 2010 ea
1410 1989 1512 2017 quum
1538 1982 1684 2021 Tyrtaei
1710 1984 1832 2022 poetae
1858 1983 2063 2014 auctoritate
2088 1982 2300 2021 victoriaque
2325 1988 2393 2012 non
2419 1981 2528 2011 multo

242 2047 320 2083 post
351 2043 530 2082 reportata
564 2040 765 2079 sedaretur,
795 2038 854 2069 vix
888 2047 1014 2079 magna
1050 2046 1129 2069 esse
1164 2037 1285 2076 potuit.
1334 2038 1421 2069 Tota
1459 2038 1609 2077 denique
1634 2041 1811 2073 Messenia
1842 2042 1969 2073 iterum
1993 2043 2057 2072 sub
2082 2040 2436 2072 Lacedaemoniorum
2461 2048 2528 2078 po-

243 2105 408 2134 testatem
433 2099 590 2141 redact'a,
617 2105 712 2131 nova
734 2105 900 2139 agrorum
926 2095 1124 2128 distributio
1150 2096 1245 2127 sacta
1276 2096 1375 2127 nulla
1400 2105 1476 2128 esse
1502 2096 1662 2137 videtur,
1695 2099 1757 2131 sed
1790 2101 1934 2131 servato
1971 2106 2115 2130 numero
2148 2097 2286 2138 singula
2319 2095 2527 2137 patrimonia

244 2161 347 2191 aucta
378 2161 413 2189 et
446 2156 666 2197 amplificata.
714 2155 900 2186 neum-ata
924 2157 995 2185 tum
1021 2154 1056 2184 et
1080 2154 1113 2183 in
1138 2156 1236 2184 tanto
1261 2154 1390 2185 honore
1415 2153 1533 2186 habita
1558 2157 1725 2197 Polydori
1750 2157 1923 2199 memoria,
1959 2160 1996 2188 ut
2028 2163 2119 2196 quae
2150 2156 2288 2197 publica
2313 2152 2526 2186 auctoritate

243 2218 435 2248 sancienda
460 2219 578 2246 essent
605 2216 696 2244 illius
720 2214 819 2254 regis
845 2212 1000 2253 imagine
1025 2213 1311 2253 obsignat-entur.
1359 2216 1507 2244 Pausan.
1533 2215 1593 2251 ΙΙΙ,
1621 2215 1677 2255 11,
1701 2216 1736 2244 8.

176 2284 228 2322 ⁴³)
243 2282 344 2324 Quae
370 2282 479 2321 prima
504 2277 715 2311 decrementi
743 2278 896 2319 vestigia
922 2278 961 2310 Ο.
986 2278 1156 2309 Miillerus
1182 2278 1307 2310 Dorier
1341 2280 1384 2310 11.
1410 2289 1444 2318 p.
1470 2278 1538 2310 195
1572 2280 1606 2310 in
1633 2290 1674 2311 eo
1699 2280 1876 2311 detexisse
1901 2278 1964 2311 sibi
1990 2279 2086 2310 visus
2113 2281 2180 2316 est,
2207 2279 2296 2316 quod
2320 2278 2526 2309 Herodotus

243 2338 328 2381 vti,
351 2339 422 2371 234
449 2346 515 2370 non
543 2345 685 2377 novem,
711 2336 775 2368 sed
803 2340 880 2367 octo
906 2335 999 2367 milia
1025 2335 1158 2367 civium
1183 2335 1291 2368 fuisse
1321 2337 1425 2368 tradit
1451 2337 1608 2376 adeoque
1638 2337 1672 2369 in
1696 2338 1833 2377 proelio
1860 2338 1951 2378 apud
1974 2337 2138 2369 Plataeas
2164 2335 2347 2367 commisso
2372 2333 2524 2373 quinque

243 2400 377 2433 tantum
401 2397 494 2430 milia
516 2396 700 2428 dimicasse
723 2395 890 2427 teruntur
915 2392 1067 2435 (Herod.
1093 2394 1177 2436 Vtt,
1202 2391 1282 2437 23),
1308 2403 1434 2428 vereor
1458 2403 1502 2428 ne
1527 2395 1688 2428 subtilius
1713 2396 1913 2437 disputasse
1938 2403 2041 2436 quam
2067 2394 2185 2427 verius
2208 2393 2339 2425 vidisse
2364 2392 2529 2425 videatur

244 2460 297 2490 vir
322 2457 559 2496 doctissimus,
584 2463 664 2485 nam
691 2455 806 2492 aliqua
830 2454 945 2485 tamen
970 2462 1048 2493 pars
1074 2461 1234 2493 agrorum
1258 2462 1400 2495 semper
1424 2457 1486 2486 ant
1513 2456 1676 2494 puberum
1707 2457 1771 2486 aut
1796 2457 1952 2486 orbarum
1978 2463 2056 2486 esse
2082 2454 2245 2485 debebat:
2272 2453 2310 2484 et
2332 2452 2367 2482 in
2407 2459 2528 2494 pugna

242 2515 442 2550 Plataeensi
467 2524 534 2546 non
565 2521 684 2545 omnes
710 2512 890 2552 Spartani,
921 2512 983 2544 sed
1014 2512 1168 2544 iuniores
1205 2514 1338 2545 tantum
1373 2510 1429 2552 (ἐκ
1462 2507 1735 2555 Λακεδαίμονος
1766 2506 1954 2557 ἐξελήλυθε
1984 2504 2009 2550 ἃ
2039 2503 2158 2550 νεότης
2190 2511 2317 2543 Herod.
2351 2508 2411 2552 ix,
2443 2508 2526 2551 12),

243 2583 387 2614 quorum
412 2576 507 2604 aetas
534 2573 578 2603 ad
604 2580 701 2606 arma
725 2571 874 2602 serenda
898 2571 1027 2601 idonea
1053 2573 1158 2608 esset,
1184 2569 1222 2601 in
1246 2573 1318 2603 acie
1345 2575 1528 2603 steterunt.
1561 2572 1676 2603 Multo
1701 2572 1830 2602 rectius
1855 2572 1947 2602 idem
1974 2569 2008 2601 in
2033 2577 2152 2612 pugna
2177 2578 2264 2608 quae
2291 2569 2403 2600 medio
2426 2568 2526 2600 bello

243 2630 537 2673 Peloponnesiaco
583 2628 677 2670 apud
720 2627 933 2660 Mantineam
983 2628 1078 2659 sacta
1112 2631 1189 2670 est,
1222 2629 1265 2661 ad
1295 2639 1395 2669 quam
1428 2629 1596 2661 universa
1628 2629 1981 2662 Lacedaemoniorum
2012 2627 2109 2660 natio
2144 2628 2216 2660 tum
2249 2627 2421 2660 iuniorum
2458 2630 2532 2660 tum

241 2690 415 2722 seniorum
440 2688 597 2728 profecta
620 2689 709 2728 erat,
734 2686 822 2718 vidit
849 2689 957 2718 totum
983 2686 1173 2718 exercitum
1199 2687 1260 2718 vix
1285 2694 1346 2718 sex
1372 2686 1502 2718 milium
1525 2687 1648 2719 fuisse.
1673 2686 1801 2719 Miiller
1825 2688 1847 2718 Ι.
1873 2688 1896 2721 l.
1922 2685 1970 2721 11.
1997 2696 2030 2730 p.
2055 2686 2135 2718 233.

178 2755 389 2794 ⁴⁴)Etiamsi
420 2751 516 2785 servi
547 2754 726 2783 cuiusdam
755 2752 848 2792 regis
873 2752 1073 2782 Archidami
1105 2751 1290 2791 prudentia
1321 2752 1429 2782 dicam
1462 2760 1505 2782 an
1538 2750 1730 2783 calliditate
1762 2752 1881 2783 firmae
1916 2752 2042 2783 aetatis
2081 2751 2178 2782 viros
2210 2751 2314 2793 longe
2353 2749 2524 2789 plurimos

243 2814 399 2851 adeoque
424 2812 534 2851 ipsum
560 2811 714 2842 civitatis
748 2811 855 2842 robur
886 2813 1045 2841 servatos
1078 2819 1156 2841 esse
1189 2810 1284 2840 rama
1316 2813 1388 2850 est,
1414 2810 1616 2842 universum
1640 2813 1757 2842 tamen
1784 2817 1891 2850 prope
1915 2818 2097 2850 puerorum
2123 2810 2158 2841 et
2183 2808 2524 2841 adolescentulorum

243 2873 378 2909 florem,
402 2869 626 2901 laetissimam
652 2868 782 2908 patriae
807 2876 923 2909 spem,
958 2868 1109 2908 porticus
1142 2868 1242 2899 ruina
1267 2876 1471 2907 oppressum
1496 2868 1697 2899 tristissima
1721 2867 1863 2899 fortuna
1887 2868 2093 2908 absumpsit.
2142 2868 2384 2900 Perioecorum
2409 2869 2525 2898 autem

245 2929 311 2960 hoc
335 2931 454 2959 terrae
477 2926 572 2959 hiatu
597 2927 802 2958 haustorum
835 2926 959 2967 viginti
990 2924 1086 2957 milia
1117 2926 1263 2966 amplius
1302 2925 1408 2957 fuisse
1434 2926 1533 2958 Diod.
1560 2926 1629 2957 Sic.
1651 2922 1714 2967 XI,
1740 2925 1784 2957 63
1810 2925 1926 2957 tradit.
1973 2925 2164 2966 Aliquanto
2196 2925 2274 2965 post
2298 2923 2331 2955 in
2357 2915 2527 2956 Leutrica

245 2996 365 3029 pugna
393 2994 553 3027 magnam
582 2983 718 3015 cladem
743 2985 877 3024 accepit
904 2993 961 3015 res
995 2984 1145 3024 publica,
1172 2984 1299 3023 quippe
1324 2983 1358 3015 in
1383 2991 1454 3023 qua
1477 2987 1564 3023 quot
1588 2984 1750 3023 Spartani
1781 2984 2007 3024 superstites,
2042 2985 2091 3016 tot
2127 2981 2303 3015 interfecti
2337 2986 2458 3024 erant,
2493 2982 2526 3013 si

243 3045 381 3084 quidem
405 3045 502 3075 recte
526 3042 683 3084 intelligo
712 3042 820 3072 verba
843 3039 1084 3081 Xenophontis
1109 3041 1145 3071 in
1169 3041 1281 3084 AgeS.
1305 3041 1338 3081 2,
1363 3041 1422 3072 24.

173 3111 227 3153 ⁴⁵)
237 3112 360 3150 Longe
386 3104 473 3140 aliae
491 3106 777 3146 Atheniensium,
802 3107 895 3146 apud
919 3115 1006 3145 quos
1034 3106 1201 3146 plurimae
1217 3107 1296 3139 viae
1314 3107 1410 3138 vitae
1435 3107 1693 3140 sustendandae
1714 3109 1893 3149 patebant,
1918 3118 1974 3139 res
2000 3109 2036 3139 et
2059 3107 2210 3139 rationes
2230 3109 2341 3139 erant.
2366 3106 2523 3138 Athenis

240 3168 332 3201 euim
357 3167 391 3198 iu
417 3175 550 3198 summa
577 3166 627 3197 rei
652 3162 835 3196 familiaris
863 3164 1124 3204 inaequalitate,
1169 3172 1272 3202 quum
1299 3166 1358 3198 alii
1380 3165 1608 3207 navigarent,
1640 3167 1697 3199 alii
1722 3170 1953 3200 mercaturam
1988 3168 2163 3208 facerent,
2205 3166 2266 3198 alii
2291 3166 2359 3198 alia
2382 3166 2524 3208 negotia

242 3226 434 3268 gererent,
467 3224 523 3263 qui
558 3224 641 3255 nihil
671 3224 846 3256 habebant
878 3232 921 3255 eo
953 3225 1053 3264 plura
1086 3225 1292 3265 sperabant:
1330 3223 1680 3257 Lacedaemoniorum
1705 3226 1813 3258 omnis
1838 3225 1984 3258 fortuna
2008 3226 2043 3257 in
2069 3225 2164 3268 agris
2188 3227 2267 3258 erat
2292 3230 2523 3269 agrorumque

237 3285 424 3323 proventu.
