2684 3832
1311 237 1368 282 17

147 418 194 446 eo
226 402 397 445 maxime
422 407 624 455 tempore,
666 415 743 454 quo
785 400 1168 454 Peloponnesiacum
1198 401 1344 442 bellum
1386 402 1475 455 geri
1504 408 1687 454 coeptum
1725 407 1834 452 erat,
1867 403 1991 443 multo
2030 402 2164 457 magis
2201 412 2332 446 autem
2369 405 2412 446 in
2448 405 2519 447 illo

148 470 268 521 bello,
297 466 402 525 quod
431 482 456 509 a
485 466 671 511 Corinthi
712 466 922 510 obsidione
957 480 1100 509 nomen
1134 466 1271 521 habet,
1313 467 1489 511 Graecos
1529 466 1707 508 homines
1749 467 1919 521 pecunia
1959 468 2050 510 data
2090 469 2154 511 vel
2185 471 2385 524 promissa
2413 484 2521 514 con-

147 535 359 580 ducebant.
416 536 478 578 Eo
504 536 583 577 iam
612 549 677 577 res
705 541 955 589 pervenerat,
983 539 1024 576 ut
1053 534 1138 576 siue
1166 533 1360 576 eiusmodi
1387 534 1593 577 hominum
1621 532 1860 588 sanguinem
1901 548 2018 576 suum
2047 536 2159 590 quasi
2186 537 2316 592 pretio
2344 538 2518 581 venden-

146 603 246 645 tium
277 614 399 656 opera
424 602 492 643 vix
521 602 650 644 ullum
668 601 815 643 bellum
836 600 922 642 fieri
951 612 1071 654 posse
1097 600 1314 648 videretur,
1340 601 1518 656 adeoque
1528 600 1835 643 Lacedaemonii
1863 600 1944 654 ipsi
1971 602 2280 654 peregrinorum
2310 603 2517 646 hominum

145 668 297 709 auxilia
325 682 406 709 non
431 666 766 722 repudiarent.⁵³)
824 667 932 715 Quae
961 668 1207 709 consuetudo
1237 667 1281 707 in
1309 667 1394 707 dies
1423 673 1541 708 aucta
1569 674 1608 708 et
1634 667 1869 708 confirmata
1896 667 2001 707 haud
2029 668 2114 709 scio
2146 676 2279 710 utrum
2308 670 2516 724 pernicio-

147 734 231 776 sior
259 734 376 775 fuerit
407 735 575 775 tuendae
610 734 793 787 antiquae
829 746 986 775 morum
1026 733 1262 786 disciplinae
1308 746 1360 774 an
1399 734 1699 774 conservandae
1736 745 1815 786 qua
1847 737 1964 774 antea
1991 746 2056 774 res
2091 734 2252 788 publica
2287 735 2520 777 abundabat

147 800 294 841 civium
322 799 581 842 multitudini.
636 799 723 840 lam
748 813 843 840 vero
882 799 930 840 de
970 799 1061 850 illa,
1110 812 1226 852 quam
1255 799 1453 852 peregrini
1488 799 1668 840 homines
1710 798 1776 853 qui
1812 799 1854 840 in
1882 797 2160 852 Peloponneso
2201 800 2421 843 militabant
2476 801 2520 842 in

150 865 327 920 Lycurgi
368 865 563 906 civitatem
604 864 827 907 inserebant
867 864 999 907 labem
1039 877 1267 919 morumque
1310 865 1587 918 corruptelam,
1625 877 1706 906 non
1735 870 1796 906 est
1831 864 1938 919 quod
1979 864 2159 917 pluribus
2201 865 2339 906 verbis
2368 866 2517 907 dicam:

149 932 275 973 multo
305 933 434 973 maior
462 932 665 986 multoque
692 931 857 988 gravior
896 931 1101 971 calamitas
1131 930 1181 971 ab
1207 931 1258 971 iis
1285 931 1536 982 imminebat,
1573 930 1643 985 qui
1681 943 1845 985 operam
1880 943 1996 971 suam
2042 931 2216 972 externis
2256 931 2425 983 regibus
2452 932 2517 973 vel

149 998 385 1039 nationibus
414 998 680 1051 praestabant.
725 999 814 1047 Qua
843 998 882 1038 in
911 1012 955 1038 re
983 998 1181 1038 militesne
1207 997 1271 1038 illi
1299 997 1452 1038 suerint
1480 1010 1532 1038 an
1561 997 1681 1038 duces
1709 998 1773 1038 vel
1800 998 2074 1051 imperatores,
2102 998 2243 1051 quales
2273 987 2535 1049 clearchum,

148 1063 469 1116 Xenophontem,
496 1063 773 1116 Xanthippum
800 1063 976 1115 adeoque
1008 1064 1141 1115 ipsum
1169 1063 1401 1115 Agesilaum
1430 1063 1561 1104 fuisse
1589 1063 1774 1115 legimus,
1812 1076 1894 1103 non
1927 1064 2095 1109 multum
2123 1062 2371 1115 interest.⁵⁴)
2426 1063 2520 1104 Sive

151 1129 254 1169 enim
293 1129 355 1168 illi
391 1129 559 1168 aliarum
596 1134 793 1168 terrarum
829 1127 1139 1168 iucunditatibus
1174 1128 1302 1180 capti,
1344 1141 1368 1167 a
1397 1128 1631 1181 Lycurgeae
1669 1128 1905 1181 disciplinae
1933 1128 2150 1168 severitate
2179 1128 2293 1168 liberi
2321 1139 2370 1167 ac
2399 1127 2521 1167 soluti

149 1194 365 1234 iuventutis
396 1205 493 1232 suae
527 1193 638 1232 sedes
667 1197 845 1244 repetere
880 1193 1087 1240 nolebant,
1127 1192 1437 1233 fortissimorum
1471 1194 1646 1234 virorum
1679 1206 1801 1245 opera
1838 1194 1965 1246 patria
1991 1194 2149 1246 privata
2177 1200 2279 1233 erat:
2321 1193 2409 1232 sive
2438 1192 2521 1232 sti-

149 1258 295 1312 pendio
329 1258 392 1298 vel
432 1257 580 1311 praeda
616 1257 847 1310 locupletati
884 1257 1089 1306 redibant,
1132 1257 1314 1297 redibant
1349 1257 1469 1298 iidem
1509 1258 1768 1299 barbarorum
1802 1271 1958 1299 morum
1999 1257 2232 1310 contagione
2260 1257 2453 1310 inquinati
2482 1261 2523 1297 et

147 1323 315 1365 avaritia
361 1323 671 1376 turpissimaque
723 1322 879 1364 sordidi
923 1330 1112 1377 quaestus
1152 1322 1322 1364 faciendi
1358 1322 1522 1365 libidine
1549 1324 1818 1365 contaminati.
1877 1323 1964 1372 Quo
1993 1324 2126 1376 plures
2154 1329 2283 1364 autem
2312 1323 2387 1364 hoc
2415 1325 2521 1363 vitae

149 1402 274 1445 genus
302 1389 638 1443 amplectebantur
675 1394 713 1430 et
740 1402 816 1443 quo
852 1391 895 1430 in
935 1389 1086 1430 maiore
1115 1390 1265 1431 honore
1309 1403 1545 1445 quocunque
1591 1391 1802 1432 veniebant
1844 1397 1888 1432 ut
1928 1390 2069 1443 optimi
2106 1402 2309 1431 armorum
2349 1396 2521 1430 tractan-

153 1457 292 1498 dorum
320 1455 527 1509 magistri,
569 1454 740 1497 bellandi
775 1455 876 1496 artis
914 1462 1020 1497 certe
1056 1455 1294 1510 peritissimi
1335 1456 1593 1509 habebantur,
1624 1470 1670 1499 eo
1697 1457 1835 1510 plures
1878 1457 2005 1510 patrIa
2042 1456 2181 1497 relicta
2210 1456 2250 1496 in
2279 1456 2517 1510 peregrinas

151 1529 281 1564 terras
311 1521 546 1575 migrabant.

260 1586 372 1635 Quae
400 1586 535 1627 omnia
553 1585 588 1626 si
608 1591 715 1626 recte
726 1586 1055 1639 reputaverimus,
1074 1587 1360 1640 Spartanorum
1389 1601 1471 1629 rem
1493 1588 1747 1643 publicam,a
1765 1587 1958 1642 Lycurgo
1979 1587 2274 1641 sapientissime
2298 1586 2522 1627 institutam

150 1665 383 1705 summaque
408 1657 494 1692 arte
522 1657 795 1704 temperatam,
824 1652 992 1692 decursu
1021 1654 1212 1705 temporis
1241 1655 1384 1695 misere
1414 1660 1637 1707 corruptam
1667 1660 1705 1695 et
1733 1654 1992 1707 depravatam
2014 1654 2208 1693 videmus.
2264 1652 2519 1692 Firmissimo

150 1718 255 1759 enim
284 1717 458 1759 civitatis
486 1718 817 1771 aequalitatisque
848 1719 1023 1760 omnium
1040 1720 1255 1772 praesidio,
1281 1720 1384 1774 quod
1412 1721 1452 1762 in
1473 1721 1561 1774 pari
1589 1733 1778 1774 agrorum
1807 1719 2093 1762 distributione
2122 1724 2206 1760 erat
2235 1717 2521 1771 universaeque

146 1785 206 1825 rei
245 1783 742 1837 familiarissimilitudine,
778 1785 933 1825 sublato
969 1787 1271 1840 priscorumque
1300 1799 1458 1827 morum
1486 1786 1668 1827 castitate
1694 1792 1732 1826 et
1761 1786 1969 1826 sanctitate
1999 1785 2147 1825 violata
2174 1784 2407 1837 Lycurgus,
2450 1782 2522 1836 qui

148 1865 229 1893 non
257 1852 336 1892 alia
361 1851 449 1892 iura
477 1850 744 1902 ‹livitioribus,
770 1850 850 1891 alia
878 1851 1206 1905 pauperioribus,
1233 1853 1302 1893 sed
1330 1854 1514 1894 omnibus
1541 1853 1678 1893 eadem
1705 1853 1935 1905 scripserat,
1963 1851 2067 1891 idem
2094 1850 2336 1891 tenuioribus
2365 1849 2521 1903 optima

148 1917 250 1969 iura,
274 1918 387 1959 nulla
421 1930 496 1958 sua
524 1916 665 1970 culpa,
693 1916 875 1960 detraxit.
931 1916 989 1958 Re
1017 1917 1179 1971 publica
1208 1921 1313 1959 enim
1341 1919 1392 1959 ad
1432 1918 1630 1960 interitum
1666 1923 1857 1973 vergente
1900 1931 1947 1959 eo
1984 1931 2047 1958 res
2075 1921 2328 1971 pervenerat,
2377 1922 2419 1956 ut
2447 1913 2522 1956 alii

149 1983 299 2025 divitiis
339 1982 547 2025 affluentes
585 1982 650 2023 vel
686 1994 875 2036 equorum
905 1983 1172 2025 nutricatione
1213 1990 1251 2026 et
1292 1991 1487 2038 apparatu
1522 1983 1839 2039 magnificentiae
1877 1983 2033 2024 laudem
2071 1987 2307 2036 quaererent
2342 1981 2522 2035 adeoque

151 2062 274 2104 equos
303 2049 531 2102 Olympiam
559 2048 610 2090 ad
637 2049 754 2091 ludos
782 2049 1002 2102 mitterent,
1045 2062 1282 2105 quamquam
1308 2050 1425 2092 nullo
1452 2056 1632 2105 tempore
1668 2062 1735 2092 res
1764 2049 1957 2103 equestris
1984 2049 2026 2090 in
2054 2060 2203 2103 magno
2231 2047 2382 2089 honore
2412 2046 2523 2100 apud

148 2113 485 2156 Lacedaemonios
514 2115 655 2168 fuerat,
686 2116 757 2156 alii
786 2116 890 2169 iique
920 2129 968 2157 ex
996 2116 1183 2157 Herculis
1212 2127 1355 2169 genere
1382 2116 1489 2168 nati,
1525 2128 1643 2170 quum
1671 2128 1798 2170 neque
1825 2127 1945 2168 agros
1980 2114 2173 2155 haberent
2211 2125 2313 2169 quos
2343 2118 2521 2166 ararent,

148 2194 272 2235 neque
316 2193 454 2222 servos
503 2182 649 2235 quibus
692 2181 956 2235 imperarent,
996 2183 1197 2223 sordidam
1248 2195 1411 2236 operam
1455 2182 1642 2223 facerent.
1715 2182 1823 2230 Quae
1867 2182 1999 2221 omnia
2035 2193 2155 2234 quum
2189 2180 2245 2220 ita
2273 2180 2383 2232 sint,
2431 2179 2520 2234 quis

149 2247 306 2288 demum
333 2248 388 2288 ita
415 2247 606 2288 accidisse
635 2247 855 2299 mirabitur,
893 2255 935 2288 ut
973 2261 1189 2301 oppressae
1218 2261 1266 2289 ac
1308 2248 1392 2289 fere
1433 2248 1612 2303 sepultae
1650 2249 1802 2302 patriae
1837 2254 1927 2300 post
1965 2246 2238 2300 septingentos
2276 2258 2407 2287 annos
2436 2258 2518 2286 non

149 2313 324 2367 amplius
352 2314 590 2367 septingenti
615 2313 737 2365 cives,
767 2313 807 2355 in
835 2313 963 2368 iisque
991 2314 1057 2355 vix
1086 2321 1241 2356 centum
1268 2315 1501 2368 superstites
1530 2320 1661 2356 essent
1686 2313 1752 2368 qui
1780 2313 1925 2355 fundos
1954 2310 2242 2362 haberent2⁵⁵J

178 2496 225 2538 ⁵³⁸)
243 2497 414 2528 Maiarum
440 2497 603 2529 memoria
628 2497 686 2536 qui
709 2506 751 2529 ex
775 2497 944 2529 societate
968 2497 1111 2529 foedere
1136 2498 1234 2530 facta
1257 2497 1340 2530 aliis
1364 2499 1491 2531 auxilio
1522 2499 1709 2531 veniebant
1741 2495 1918 2544 ἐπίκουροι
1943 2499 2161 2541 dicebantur,
2187 2498 2316 2530 Herod.
2342 2498 2389 2539 V,
2413 2496 2458 2527 63
2482 2494 2519 2529 οἱ

240 2548 524 2599 Πεισιστρατίδαι
542 2572 558 2580 -
574 2544 802 2588 ἐπεκαλέοντο
836 2552 873 2588 ἐκ
908 2549 1106 2595 Θεσσαλίης
1137 2552 1350 2603 ἐπικουρίην·
1386 2554 1568 2596 ἐπεποίητο
1599 2551 1667 2604 γάρ
1694 2560 1759 2599 σφι
1783 2554 1974 2600 συμμαχίη
1999 2551 2083 2604 πρὸς
2109 2550 2268 2595 αὐτούςε
2292 2555 2350 2594 qui
2376 2556 2516 2594 stipen-

239 2613 332 2644 dium
360 2613 579 2655 accipiebant
603 2609 781 2659 ἐπίκουροι
802 2610 978 2657 μισθωτοὶ
1005 2615 1131 2647 Herod.
1156 2615 1220 2657 111,
1244 2615 1291 2647 45
1308 2616 1587 2658 appellabantur,
1613 2616 1679 2657 ipsi
1703 2612 1881 2661 ἐπίκουροι
1904 2624 2008 2654 quam
2033 2612 2211 2658 μισθωτοὶ
2235 2614 2301 2645 dici
2326 2613 2515 2646 malebant.

241 2669 300 2703 cf.
325 2671 560 2703 wachsmuth
585 2670 724 2704 Hellen.
749 2672 999 2704 Alterthumsk.
1021 2673 1060 2704 Τ.
1085 2673 1112 2704 1.
1137 2674 1175 2705 P.
1200 2673 1235 2706 2.
1263 2683 1297 2715 p.
1322 2673 1392 2706 309
1420 2683 1460 2713 sq

174 2745 227 2790 ⁵⁴)
239 2748 294 2780 Illi
317 2757 385 2780 non
408 2757 526 2780 omnes
550 2754 720 2788 pauperes
746 2752 846 2781 erant
870 2749 925 2781 vel
953 2750 1082 2781 obcuro
1114 2750 1188 2782 loco
1220 2750 1316 2793 nati,
1347 2751 1411 2782 sed
1441 2760 1482 2783 ex
1515 2750 1591 2790 ipsa
1623 2749 1883 2790 Spartanorum
1917 2750 2100 2791 disciplina
2131 2748 2291 2791 profecti.
2340 2749 2393 2780 Ea
2423 2748 2516 2781 enim

238 2807 342 2837 laude
367 2807 514 2837 florebat
528 2805 772 2849 xanthippus,
799 2809 1029 2838 Romanorum
1056 2808 1182 2841 victor.
1231 2807 1320 2839 Vide
1345 2809 1472 2848 Polyb.
1497 2809 1525 2849 1,
1550 2808 1596 2838 32
1629 2805 1665 2839 ἐν
1689 2801 1741 2846 οἷς
1778 2807 1841 2840 καὶ
1863 2803 2082 2841 Ξάνθιππον
2105 2817 2186 2839 τινα
2211 2801 2515 2849 Λακεδαιμόνιον,

238 2854 355 2908 ἀνδρα
376 2864 437 2902 ’τῆς
462 2863 672 2902 Λακωνικῆς
700 2857 838 2907 ἀγωγῆς
863 2857 1104 2908 μετεσχηκότα
1127 2864 1190 2896 καὶ
1209 2859 1330 2912 τριβήν
1354 2862 1390 2898 ἐν
1413 2868 1486 2904 τοῖς
1510 2859 1710 2907 πολεμικοῖς
1734 2856 1868 2909 ἔχοντα
1892 2860 2100 2910 σύμμετρον.

175 2938 227 2977 ⁵³)
241 2940 332 2972 mut.
364 2940 469 2983 Agid.
506 2943 542 2976 5.
579 2938 680 2974 πενία
712 2936 777 2980 τήν
816 2935 919 2974 πόλιν
967 2940 1137 2986 κατέσχεν
1169 2936 1419 2990 ἀνελευθερίαν
1452 2941 1513 2974 καὶ
1550 2940 1621 2974 τῶν
1654 2936 1774 2974 καλῶν
1806 2935 1988 2986 ἀσχολίαν
2012 2939 2229 2986 ἐπιφέρουσα
2254 2935 2343 2984 μετά
2368 2934 2517 2984 φθόνου

239 2997 302 3030 καὶ
332 2992 533 3044 δυςμενείας
566 2993 649 3048 πρὸς
672 2993 757 3040 τούς
781 2995 943 3045 ἔχοντας.
972 2994 1243 3045 ἀπελείφθησαν
1276 2991 1344 3035 οὖν
1377 2996 1594 3034 ἑπτακοσίων
1624 2992 1671 3032 οὐ
1702 2994 1855 3041 πλείονες
1887 2993 2124 3047 Σπαρτιᾶται,
2163 2998 2226 3032 καὶ
2257 2991 2396 3032 τούτων
2435 2996 2517 3039 ἴσως

237 3049 363 3087 ἑκατόν
387 3048 480 3096 ἦσαν
504 3055 538 3091 οἱ
561 3059 627 3102 γῆν
652 3057 853 3103 κεκτημένοι
881 3059 944 3092 καὶ
968 3054 1109 3106 κλῆρον,
1135 3053 1157 3091 ὁ
1178 3053 1210 3092 δ’
1235 3053 1342 3099 ἄλλος
1365 3052 1475 3103 ὄχλος
1499 3052 1630 3105 ἄπορος
1657 3059 1721 3091 καὶ
1745 3053 1872 3103 ἄτιμος
1897 3056 1933 3093 ἐν
1954 3060 1997 3103 τῇ
2021 3052 2119 3091 πόλει
2142 3051 2384 3105 παρεκάθητο.
