2684 3832
1337 171 1360 183 ’⁴

1305 171 1361 215 lo

134 342 369 396 bantursffl)
425 338 610 382 Accessit
635 339 742 393 quod
773 338 909 379 oblata
944 336 1177 379 felicissima
1210 335 1413 377 libertatis
1449 336 1742 389 recuperandae
1769 336 2068 389 opportunitate
2095 334 2264 379 Helotae
2299 338 2398 391 ruga
2435 350 2513 379 aa·

136 411 256 453 lutem
287 421 374 451 cum
404 406 585 448 libertate
613 404 827 458 petebant,
871 403 937 458 qui
975 415 1098 457 quum
1133 401 1212 443 soli
1252 401 1537 455 Spartanorum
1579 413 1700 456 agros
1732 401 1971 454 coluissent,
2013 401 2153 444 inculti
2189 402 2231 443 hi
2264 403 2445 446 iacebant
2474 407 2514 446 et

132 473 369 527 deserti.⁴⁷)
409 472 488 522 Qui
515 477 648 513 autem
676 470 894 511 domestica
921 469 1081 510 fortuna
1108 480 1188 508 non
1216 479 1340 521 aeque
1368 467 1537 508 feliciter
1565 467 1771 509 constituti
1799 474 1910 509 erant
1937 474 2054 521 atque
2082 469 2149 522 qui
2193 469 2273 509 iam
2312 470 2511 524 principes

135 541 309 584 civitatis
338 551 426 580 esse
455 542 681 591 coeperunt,
710 536 741 576 ii
768 541 835 576 aut
864 535 942 588 ipsi
968 547 1089 588 agros
1120 534 1251 574 colere
1279 539 1318 573 et
1347 533 1508 575 servilia
1536 546 1656 587 opera
1683 535 1816 575 facere
1844 533 2051 584 debebant,
2081 541 2151 575 aut
2181 547 2342 576 omnem
2369 535 2509 577 victus

130 605 396 660 comparandi
437 605 619 658 vitaeque
656 601 881 643 tolerandae
919 614 1029 655 spem
1066 596 1316 647 abiicere.⁴⁸)
1370 599 1506 653 Agros
1553 599 1683 651 enim,
1730 599 1874 653 quibus
1909 599 2069 640 arandis
2107 612 2220 653 pares
2248 614 2332 641 non
2362 606 2511 653 essent,

135 672 263 727 pretio
292 670 502 712 divendere
530 681 610 710 non
639 667 766 720 magis
791 666 936 708 licebat
964 679 1035 719 per
1063 667 1181 718 leges,
1211 677 1327 719 quam
1359 665 1570 719 mancipia,
1598 665 1741 720 quibus
1771 677 1890 718 aegre
1915 670 2116 715 carerent,
2147 678 2195 705 ex
2223 665 2361 707 alienis
2390 665 2511 707 terris

135 735 435 792 imponar-ew)
491 733 625 788 Itaque
652 746 778 787 quum
808 745 932 786 neque
956 733 1039 774 otio
1062 732 1228 773 honesto
1257 731 1487 773 fruerentur
1526 744 1650 786 neque
1677 732 1799 773 vitam
1830 744 1857 773 a
1881 732 2038 772 miseris
2074 731 2206 773 victus
2251 731 2513 785 comparandi

132 803 308 859 negotiis
339 803 502 844 liberam
518 801 717 855 degerent,
740 800 893 842 factum
922 805 981 841 est
1012 805 1054 840 ut
1080 810 1202 851 neque
1231 796 1309 851 ipsi
1336 796 1386 837 ad
1414 796 1576 851 syssitia
1605 797 1873 846 convenirent,
1893 809 2011 850 quum
2038 810 2129 838 rure
2149 797 2354 850 viverent,
2382 811 2511 852 neque

133 870 285 913 liberos
311 883 410 912 suos
439 868 616 911 urbanae
645 867 875 921 disciplinae
911 866 1070 908 tradere
1098 865 1228 919 iisque
1268 863 1421 905 artibus
1460 864 1668 906 instituere
1704 869 1744 906 et
1776 864 1892 918 quasi
1936 876 2091 905 armare
2125 870 2318 917 possent,
2362 864 2509 918 quibus

135 937 250 993 pueri
287 936 335 978 ad
375 936 488 978 illam
526 932 833 988 qualemcunque
870 933 1156 986 Spartanorum
1201 929 1484 971 humanitatem
1523 929 1667 971 erudiri
1704 927 1961 984 solerent.⁵⁰)
2019 930 2082 971 Ex
2121 929 2292 985 antiquis
2334 928 2508 981 civibus,

134 1016 291 1046 summa
320 1003 401 1044 illis
431 1008 468 1044 ct
495 1001 642 1043 virtute
666 1006 704 1042 et
730 999 965 1041 fortitudine
991 1004 1028 1039 et
1056 996 1296 1039 continentia
1340 1003 1378 1038 et
1414 994 1600 1038 laborum
1635 996 1824 1051 patientia
1860 995 2108 1051 insignibus,
2149 996 2216 1050 qui
2257 996 2360 1038 hanc
2396 995 2513 1051 quasi

135 1070 277 1125 capitis
292 1067 601 1110 deminutionem
629 1068 740 1121 passi
762 1071 907 1118 essent,
935 1065 1031 1106 facti
1061 1071 1156 1105 sunt
1179 1075 1278 1118 quos
1305 1061 1571 1117 ὐπομείονας,
1601 1063 1809 1104 inferiores
1832 1063 1948 1116 quasi
1977 1063 2170 1116 quosdam
2192 1063 2386 1114 homines,
2414 1062 2510 1103 haec

134 1137 294 1191 quidem
321 1141 429 1177 aetas
457 1132 697 1187 appellabat,
726 1132 794 1187 qui
821 1144 944 1186 quum
979 1131 1028 1172 ab
1060 1131 1225 1183 antiqua
1253 1129 1431 1182 Lycurgi
1462 1129 1673 1182 disciplina
1701 1129 1849 1170 exclusi
1878 1136 2023 1180 essent,
2052 1131 2205 1182 optimo
2235 1142 2391 1183 quoque
2419 1128 2508 1169 iure

134 1202 277 1255 privati
305 1205 445 1242 erant.
486 1198 636 1241 Contra
665 1198 808 1239 horum
835 1196 1078 1246 adversarii,
1120 1197 1188 1249 qui
1226 1195 1305 1236 soli
1332 1195 1374 1235 in
1403 1195 1560 1236 civitate
1597 1195 1841 1249 regnabant,
1885 1207 2005 1248 quum
2041 1194 2202 1248 ephoris
2239 1195 2418 1235 mercede
2454 1195 2509 1235 ad

132 1279 229 1310 suas
260 1270 390 1320 partes
418 1262 607 1308 traductis
636 1262 736 1305 nulli
763 1260 842 1303 nisi
870 1259 947 1316 ipsi
974 1259 1016 1302 in
1043 1266 1222 1303 senatum
1253 1260 1479 1315 legerentur
1518 1260 1668 1316 solique
1705 1272 1872 1316 parvam
1904 1259 2015 1301 illam
2046 1271 2147 1316 quae
2181 1258 2382 1301 dicebatur
2411 1270 2508 1301 con-

133 1332 289 1376 cionem
319 1331 574 1387 complerent,
601 1329 719 1371 anxie
747 1326 961 1380 cavebant,
1001 1338 1050 1367 ne
1078 1327 1172 1367 illae
1200 1328 1309 1383 leges
1344 1340 1418 1383 pro
1454 1334 1678 1382 temporum
1712 1328 1947 1368 necessitate
1976 1326 2306 1382 mutarentur.⁵¹)
2364 1327 2505 1382 ltaque

162 1530 396 1571 ⁴⁶)Florente
421 1539 461 1564 re
485 1528 622 1571 publica
646 1530 731 1569 quot
754 1529 933 1572 Spartani,
959 1532 1010 1563 tot
1033 1531 1181 1571 perioeci
1206 1531 1381 1572 stipendia
1411 1529 1597 1568 faciebant.
1646 1532 1720 1565 lam
1746 1541 1829 1564 vero
1857 1540 1912 1563 res
1938 1537 1983 1563 eo
2008 1531 2240 1572 pervenerat,
2266 1533 2304 1561 ut
2328 1528 2507 1572 Spartani,

228 1596 274 1621 ne
307 1589 412 1620 nimia
445 1587 572 1619 civium
605 1586 739 1618 iactura
761 1586 883 1629 tieret,
917 1588 1008 1619 solos
1034 1589 1203 1620 interdum
1233 1590 1411 1629 perioecos
1437 1590 1496 1621 vel
1520 1590 1700 1621 libertinos
1726 1590 1770 1620 ad
1797 1589 1930 1628 proelia
1955 1588 2133 1619 mitterent
2148 1588 2335 1628 autetiam,
2361 1587 2397 1617 id
2416 1587 2509 1625 quod

228 1652 366 1688 patrum
390 1646 560 1677 memoria
583 1646 776 1676 inauditum
799 1648 888 1684 erat,
915 1648 1198 1679 mercenariorum
1224 1658 1327 1687 opera
1357 1652 1549 1679 uterentur.
1596 1649 1655 1679 Sic
1679 1647 1894 1679 Aristoteles
1918 1648 2021 1678 Polit.
2047 1648 2094 1687 ΙΙ,
2120 1648 2155 1686 6,
2193 1645 2235 1675 11
2262 1654 2321 1684 pro
2347 1646 2443 1675 mille
2468 1648 2505 1675 et

228 1705 426 1749 quingentis
454 1704 625 1744 equitibus
651 1706 685 1735 et
710 1702 859 1745 triginta.
884 1701 1022 1735 milibus
1041 1705 1204 1749 peditum,
1232 1715 1318 1745 quos
1344 1707 1423 1738 olim
1448 1709 1543 1738 terra
1559 1706 1734 1738 Laconica
1759 1705 1915 1744 aluisset,
1943 1704 1999 1736 vix
2024 1703 2119 1736 mille
2146 1711 2225 1735 esse
2250 1702 2345 1734 dicit.
2392 1702 2505 1734 Tanta

230 1764 278 1795 ait
317 1764 473 1795 virorum
511 1762 623 1801 inopia
657 1771 727 1792 rem
761 1761 931 1801 publicam
971 1763 1150 1805 laborare,
1192 1767 1229 1795 ut
1261 1764 1292 1795 si
1318 1765 1468 1796 omnium
1493 1774 1653 1806 agrorum
1678 1765 1829 1804 quinque
1856 1766 1974 1803 partes
1999 1762 2240 1802 efficerentur,
2275 1761 2364 1791 duae
2390 1762 2507 1799 partes

227 1822 408 1854 mulierum
434 1821 572 1853 futurae
597 1820 727 1852 essent.
754 1820 869 1858 Atque
886 1819 1048 1862 Agesilai
1074 1822 1187 1854 aetate
1209 1822 1426 1854 cinationem
1451 1832 1526 1854 cum
1551 1832 1636 1865 rege
1661 1826 1696 1855 et
1720 1822 1857 1862 ephoris
1881 1826 1916 1853 et
1941 1820 2160 1853 senatoribus
2190 1820 2250 1850 vix
2275 1817 2508 1860 quadraginta

230 1880 421 1920 Spartanos
449 1877 721 1910 deambulantes
748 1877 782 1908 in
811 1878 884 1909 t'oro
909 1880 944 1909 et
970 1886 990 1908 a
1014 1879 1148 1910 miseris
1175 1880 1395 1920 quotidianae
1420 1881 1514 1913 vitae
1545 1881 1695 1924 negotiis
1727 1886 1857 1912 vacuos
1891 1878 1941 1910 rei
1972 1878 2133 1918 publicae
2166 1885 2303 1917 operam
2335 1875 2508 1907 navantes

230 1946 431 1969 numerasse
455 1939 612 1977 Xenoph.
637 1938 776 1968 Hellen.
813 1938 877 1976 111,
904 1937 945 1978 3,
979 1939 1001 1967 5
1033 1938 1133 1969 tidem
1168 1939 1275 1980 facit,
1308 1949 1408 1977 quem
1447 1948 1625 1972 numerum
1650 1937 1925 1971 Valckenaerius
1958 1937 2002 1966 ad
2033 1936 2160 1967 Herod.
2187 1946 2221 1975 p.
2245 1934 2313 1966 463
2338 1937 2505 1966 accurate

227 1996 387 2034 explicat.

160 2071 216 2114 ⁴⁷)
227 2074 325 2104 Hanc
348 2074 548 2104 Helotarum
574 2073 692 2114 fugam
718 2082 820 2110 quum
846 2073 903 2103 alii
927 2076 999 2104 tum
1029 2074 1181 2113 inprimis
1206 2077 1363 2114 Tliucyd.
1391 2077 1460 2115 lv,
1494 2075 1553 2106 41.
1577 2075 1631 2115 V,
1663 2073 1707 2105 14
1740 2072 1923 2112 Spartanis
1952 2071 2137 2103 multorum
2170 2067 2336 2101 malorum
2363 2079 2507 2100 causam

227 2130 334 2162 fuisse
360 2130 454 2164 dicit.

161 2205 214 2249 ⁴⁸)
227 2205 356 2240 Contra
382 2205 642 2247 locupletiorum
670 2206 809 2247 praedia
835 2206 901 2239 iam
928 2207 968 2239 ad
995 2215 1120 2250 magna
1148 2205 1336 2241 latifundia
1361 2207 1394 2242 in
1420 2209 1497 2250 ipsa
1523 2208 1617 2241 urbis
1639 2207 1895 2250 propinquitate
1920 2207 1990 2240 sita
2014 2216 2055 2240 ex
2082 2205 2226 2239 modicis
2251 2214 2336 2246 quos
2355 2206 2505 2247 Lycur-

229 2272 295 2306 gus
336 2263 460 2304 priscis
499 2263 647 2295 dominis
690 2264 762 2295 suis
795 2264 1027 2304 descripserat
1059 2265 1153 2306 agris
1195 2269 1436 2298 excreverant:
1475 2274 1536 2307 per
1568 2274 1610 2298 ea
1642 2275 1717 2297 cum
1752 2266 1897 2297 maxima
1919 2264 2115 2297 tenuiorum
2139 2264 2273 2296 invidia
2297 2263 2402 2303 pauci
2426 2271 2503 2294 cum

228 2322 368 2351 canibus
393 2323 488 2352 seras
512 2324 728 2352 venabantur
766 2326 824 2353 aut
851 2323 1102 2352 insidiabantur
1126 2321 1261 2357 avibus.
1312 2325 1427 2355 Vetus
1452 2325 1542 2355 enim
1565 2324 1625 2354 illa
1658 2333 1678 2353 a
1703 2324 1870 2364 Lycurgo
1904 2323 2049 2353 laudata
2076 2326 2113 2353 et
2146 2321 2293 2352 maxime
2319 2329 2499 2351 commen-

229 2378 312 2410 data
336 2379 491 2411 ferarum
522 2380 661 2411 venatio
686 2375 745 2418 (αἱ
775 2375 955 2425 διατριβαὶ
987 2379 1060 2424 περὶ
1092 2375 1206 2426 ,θήρας
1238 2381 1327 2414 Plut.
1364 2383 1453 2420 Lyc.
1486 2380 1555 2419 24)
1591 2390 1659 2414 uon
1690 2381 1836 2421 amplius
1863 2384 1938 2412 erat
1963 2379 2186 2412 saluberrima
2214 2381 2251 2411 et
2280 2379 2324 2410 ad
2353 2386 2503 2418 corpora

229 2436 396 2469 firmanda
414 2445 457 2470 ac
481 2438 733 2470 corroboranda
758 2435 941 2469 utilissima
966 2436 1091 2470 virium
1106 2438 1319 2483 exercitatio,
1346 2439 1408 2471 sed
1433 2450 1520 2480 quae
1544 2440 1665 2473 nostra
1691 2439 1766 2472 fere
1791 2441 1906 2472 aetate
1930 2438 2029 2470 sacta
2053 2440 2121 2480 est,
2146 2437 2280 2469 inutilis
2306 2436 2504 2470 delectatio.

163 2516 221 2561 ⁴⁹)
234 2519 339 2552 Pauci
365 2523 476 2560 erant,
502 2520 531 2553 si
555 2521 612 2561 qui
640 2523 754 2564 erant,
781 2521 1044 2555 Lacedaemone
1069 2521 1163 2554 servi
1190 2522 1380 2565 peregrini.
1416 2524 1459 2556 ct'.
1484 2523 1525 2557 0.
1550 2522 1676 2556 Miiller
1705 2522 1728 2555 l.
1760 2522 1781 2554 1.
1807 2532 1840 2562 p.
1865 2520 1931 2564 39,
1968 2530 2110 2560 quorum
2135 2520 2275 2561 quidem
2298 2529 2339 2553 ex
2363 2528 2506 2553 numero

230 2578 389 2621 Alcman,
416 2578 551 2619 lyricae
578 2579 694 2620 poesis
720 2581 829 2622 pater,
856 2578 964 2611 fuisse
989 2578 1116 2613 fertur.

161 2658 215 2698 ⁵⁰)
229 2659 348 2699 Atque
381 2660 446 2693 hoc
478 2660 695 2701 potissimum
724 2661 859 2694 nomine
889 2661 1049 2694 Sosibius
1082 2661 1174 2702 apud
1201 2662 1327 2697 Athen.
1364 2663 1444 2701 XV,
1483 2660 1534 2694 15.
1563 2672 1596 2702 p.
1622 2659 1704 2693 674.
1730 2661 1761 2692 b.
1786 2653 1868 2699 τούς
1895 2656 1931 2692 ἐκ
1954 2659 2015 2698 τῆς
2048 2652 2188 2703 ἀγωγῆς
2222 2655 2377 2702 παῖδας,
2413 2668 2502 2700 quos

226 2725 332 2758 supra
347 2719 695 2758 commemoravimus,
720 2720 777 2758 qui
794 2721 988 2761 Lycurgea
1004 2719 1185 2759 disciplina
1208 2721 1358 2752 instituti
1379 2721 1508 2763 essent,
1532 2720 1671 2760 opponit
1689 2721 1762 2758 τοῖς
1780 2711 1852 2750 ἀπὸ
1878 2719 1938 2757 τῆς
1954 2712 2087 2764 χώρας.
2104 2715 2217 2750 Multo
2236 2719 2399 2750 maiorem
2412 2720 2499 2751 Plu-

226 2775 363 2806 tarchus
395 2784 532 2815 quoque
563 2775 598 2808 in
631 2777 848 2808 moderandis
881 2777 1007 2807 civium
1040 2778 1165 2809 studiis
1196 2780 1436 2810 auctoritatem
1468 2778 1667 2810 educationi
1690 2778 1890 2817 tribuebat,
1925 2784 2017 2814 quae
2043 2786 2223 2816 puerorum
2248 2777 2380 2808 animos
2405 2784 2496 2807 vera

228 2834 362 2873 patriae
393 2835 539 2866 caritate
562 2835 746 2876 imbueret,
771 2842 872 2875 quam
897 2835 1034 2875 scriptis
1058 2836 1198 2877 legibus
1227 2838 1285 2869 vel
1317 2838 1400 2869 iuris
1428 2837 1564 2869 iurandi
1595 2836 1764 2878 religione
1799 2835 1954 2866 firmatis.
1988 2835 2044 2866 Cr.
2069 2836 2158 2866 Plut.
2183 2834 2305 2874 Comp.
2340 2834 2500 2874 Lycurgi

228 2899 256 2922 c.
281 2891 393 2923 Numa
420 2893 453 2924 4.
477 2886 598 2937 μικρός
622 2886 688 2938 γάρ
723 2885 769 2924 ἂν
801 2883 844 2930 ἦν
875 2885 896 2924 ὁ
929 2893 999 2925 τῶν
1029 2885 1142 2937 ὅρκων
1166 2890 1278 2936 φόβος
1303 2892 1332 2927 εἰ
1362 2888 1411 2938 μή
1436 2888 1497 2927 διά
1522 2893 1582 2932 τῆς
1605 2887 1767 2931 παιδείας
1792 2891 1854 2924 καὶ
1877 2892 1940 2930 τῆς
1966 2884 2104 2935 ἀγωγῆς
2131 2885 2209 2924 οἷον
2234 2885 2399 2924 ἀνέδευσε
2423 2893 2499 2931 τοῖς

227 2941 330 2986 ἤθεσι
354 2950 423 2982 τῶν
447 2944 586 2982 παίδων
610 2945 694 2990 τοί-ς
718 2944 850 2994 νόμους
878 2949 940 2982 καὶ
963 2949 1177 2995 συνῳκείωσε
1200 2953 1242 2997 τῇ
1265 2953 1379 2999 τροφῇ
1402 2946 1464 2984 τόν
1488 2946 1595 2991 ζῆλον
1618 2952 1679 2990 τῆς
1704 2943 1889 2990 πολιτείας.

158 3024 217 3067 ⁵¹)
232 3026 347 3057 Parva
383 3028 520 3068 concio,
553 3022 576 3066 ἡ
605 3022 712 3075 μικροὶ
745 3023 934 3071 ἐκκλησία,
974 3035 1062 3068 quae
1091 3037 1160 3060 uno
1194 3031 1326 3062 tantum
1358 3031 1431 3062 loco
1462 3029 1556 3070 apud
1590 3027 1742 3069 Xenoph.
1773 3028 1908 3059 Hellen.
1935 3029 2003 3068 ΙΙΙ,
2026 3026 2063 3069 3,
2088 3028 2112 3058 8
2136 3027 2432 3068 commemoratur,
2457 3034 2501 3058 ex

226 3084 309 3115 solis
334 3076 469 3125 ὁμοίοις
501 3086 700 3118 constitisse
725 3087 877 3118 videtur.
924 3086 981 3119 cf.
1015 3088 1188 3120 Hermann
1219 3088 1348 3129 griecn.
1386 3087 1650 3119 Staatsatterth.
1683 3088 1718 3125 s.
1743 3085 1803 3127 24,
1838 3086 1873 3118 7.
1904 3086 2056 3118 eiusdem
2083 3086 2225 3124 Antiqu.
2249 3087 2332 3117 Lac.
2358 3095 2388 3124 p.
2415 3084 2503 3120 144.

224 3142 352 3173 muner
374 3139 495 3174 Dorier
520 3142 563 3175 ll.
589 3154 623 3185 p.
646 3143 705 3177 87.
723 3145 1010 3177 Wacnsmntnius
1033 3146 1124 3179 Heu.
1148 3147 1397 3179 Altertliumsk.
1422 3147 1460 3177 Τ.
1486 3143 1513 3177 Ι.
1539 3146 1576 3176 Ρ.
1600 3144 1635 3176 2.
1662 3154 1693 3185 p.
1731 3144 1803 3175 212
1828 3145 1974 3186 ephoros
2000 3144 2097 3174 addit
2121 3147 2156 3175 et
2179 3151 2304 3186 senes,
2334 3144 2493 3175 fortasse

225 3199 270 3230 ad
309 3206 386 3231 eam
423 3201 630 3235 sententiam
666 3203 837 3235 adductus
861 3204 935 3236 loco
969 3204 1148 3236 Demostb.
1180 3205 1263 3236 adv.
1289 3204 1422 3244 Leptin.
1448 3205 1483 3242 s.
1510 3202 1586 3234 107.
1619 3195 1761 3235 ἐπειδάν
1785 3212 1837 3243 τις
1873 3200 1916 3241 εἰς
1952 3194 2014 3234 riv
2051 3196 2279 3244 καλουμένην
2307 3198 2494 3246 γερουσίαν

223 3253 366 3302 ἐγκριθῇ
390 3253 586 3305 παρασχών
613 3254 742 3292 ἑαυτὸν
766 3254 844 3293 οἷον
866 3255 962 3307 χρή,
997 3255 1163 3302 δεσπότης
1189 3259 1260 3295 ἐπὶ
1281 3263 1352 3295 τῶν
1372 3255 1521 3295 noim»-
1547 3257 1617 3293 ἐκεῖ
1648 3260 1711 3305 μὲν
1735 3255 1802 3308 γάρ
1828 3258 1896 3294 ἐστι
1921 3260 1981 3300 τῆς
2009 3253 2132 3306 ἀρετῆς
2157 3249 2275 3292 ἆθλον
2300 3260 2359 3298 τῆς
2393 3257 2497 3291 πολι-

222 3311 315 3353 τείας
339 3312 447 3360 κυρίῳ
470 3314 634 3358 γενέσθαι
659 3312 744 3361 μετά
768 3320 839 3351 τῶν
864 3313 1007 3362 ὁμοίων.
