2684 3832
1336 177 1365 221 4

158 359 233 389 nec
261 345 478 402 aliquando
515 360 565 388 ex
594 356 732 387 eorum
770 342 1030 398 possessione
1065 343 1316 385 eiicerentur.
1335 342 1380 398 ⁵)
1448 342 1566 392 Quod
1595 342 1820 398 periculum
1849 355 1970 397 quum
1997 342 2078 385 iam
2106 344 2233 386 multo
2257 350 2345 386 ante
2362 343 2540 399 Lycurgi

159 418 345 468 tempora
359 413 597 463 immineret,
625 409 831 466 aequalem
863 422 1058 464 agrorum
1086 408 1404 452 distributionem
1433 422 1513 452 non
1539 410 1739 451 inventam
1759 409 1994 465 aLycurgo
2011 423 2098 452 esse
2122 412 2241 453 facile
2259 410 2539 464 intelligimus,

159 479 229 521 sed
260 493 364 536 quae
393 494 466 523 sua
491 482 635 533 sponte
662 477 777 519 nulla
803 476 1013 519 hominum
1042 476 1254 531 prudentia
1278 483 1372 518 nata
1394 482 1511 526 esset,
1539 489 1645 518 nova
1670 478 1828 518 demum
1847 476 2049 531 religione
2068 477 2266 519 firmatam
2286 483 2323 519 et
2337 476 2543 518 sancitam.

160 544 275 595 Quae
292 546 397 588 enim
424 544 487 587 vel
517 544 660 586 leviter
680 543 927 585 intuentibus
959 543 1064 585 inter
1093 543 1460 598 antiquissimarum
1493 543 1687 584 Graeciae
1715 543 1919 584 civitatum
1959 543 2023 584 vel
2059 550 2270 597 postquam
2309 543 2359 585 ad
2394 550 2542 584 certam

158 624 295 653 rerum
319 610 577 666 publicarum
603 611 776 652 formam
803 609 1082 664 pervenissent
1110 609 1287 650 indolem
1315 616 1353 651 et
1380 615 1562 651 naturam
1590 616 1708 663 atque
1728 609 1915 650 heroicae
1941 609 2085 651 aetatis
2121 623 2253 651 mores
2290 616 2327 651 et
2360 610 2543 651 instituta

158 677 437 719 Intercessisse
468 677 627 717 videtur
655 676 922 726 necessitudo,
949 675 1001 716 ab
1032 688 1078 716 ea
1106 675 1240 717 Dores
1271 676 1447 716 omnium
1476 675 1611 716 ultimi
1638 675 1920 725 discesserunt,
1950 674 2096 729 quippe
2126 676 2191 729 qui
2213 677 2282 716 diu
2299 676 2543 730 multumque

156 755 232 796 per
266 746 414 796 terras,
454 756 527 795 per
559 741 695 782 maria
733 741 873 796 agitati
909 742 966 782 ita
1002 741 1103 783 duro
1147 754 1346 794 parcoque
1384 742 1509 782 victui
1549 742 1834 789 adsueverant,
1883 741 1939 781 ita
1968 741 2116 781 famem
2151 742 2337 796 sitimque
2370 743 2544 782 tolerare

155 806 369 862 omniaque
395 808 580 850 laborum
608 820 755 861 genera
782 807 905 860 ferre,
935 808 993 848 ita
1021 807 1062 847 in
1090 806 1213 848 armis
1243 806 1466 859 castrisque
1494 806 1631 847 vivere
1651 807 1887 860 didicerant,
1921 812 1963 847 ut
1994 820 2115 861 quum
2144 808 2304 848 tandem
2331 807 2544 861 aliquando

158 878 309 916 terram
339 874 580 928 promissam
613 880 887 927 occupassent,
917 872 1099 914 bellicam
1128 872 1384 927 disciplinam
1411 873 1603 914 diuturna
1632 872 1913 914 exercitatione
1942 873 2247 916 corroboratam
2275 874 2545 915 severitatem-

161 952 236 993 que
266 939 431 986 militiae
465 939 724 981 recordantes
751 939 793 980 in
821 939 952 981 media
977 952 1086 993 pace,
1115 939 1156 980 in
1186 939 1353 980 urbibus
1383 940 1469 980 suis
1498 945 1536 979 et
1565 939 1673 992 agris
1703 947 1904 993 tamquam
1943 940 1986 980 in
2016 939 2159 981 castris
2197 948 2237 983 et
2273 941 2453 983 castellis
2490 940 2547 982 ita

158 1005 300 1047 vivere
329 1005 517 1058 mallent,
562 1012 603 1047 ut
644 1019 694 1047 ne
723 1019 805 1047 una
830 1006 991 1060 quidem
1020 1006 1213 1048 coenandi
1244 1005 1572 1047 consuetudinem
1603 1006 1858 1059 deponerent.
1872 1004 1916 1060 ὃ)
1979 1005 2027 1047 In
2063 1013 2173 1049 tanta
2201 1014 2361 1060 autem,
2396 1012 2544 1060 quanta

157 1071 450 1127 antiquissimis
479 1072 724 1126 temporibus
744 1070 832 1124 fuit,
850 1074 967 1114 vitae
994 1073 1204 1128 victusque
1229 1072 1498 1126 simplicitate,
1528 1072 1595 1114 ubi
1615 1073 1749 1115 statim
1768 1079 1862 1127 post
1878 1079 2026 1114 terram
2044 1081 2312 1129 expugnatam
2327 1073 2543 1114 victoribus

160 1138 347 1180 omnibus
386 1144 469 1179 tum
506 1138 614 1190 agris
656 1151 758 1190 opus
802 1139 880 1179 fuit
926 1140 1031 1179 unde
1076 1140 1222 1180 victum
1266 1145 1488 1189 sumerent,
1541 1144 1624 1179 tum
1661 1138 1891 1180 hominibus
1942 1151 2113 1191 quorum
2142 1152 2262 1193 opera
2298 1152 2417 1193 agros
2447 1140 2541 1179 illos

160 1209 339 1255 ararent,
368 1217 491 1257 quum
506 1216 633 1258 neque
648 1204 797 1246 fortior
810 1207 1225 1259 quisquam'maiorem
1245 1211 1398 1258 partem
1416 1205 1463 1244 de
1480 1203 1759 1245 communibus
1774 1204 1892 1244 bonis
1911 1203 2169 1257 efflagitaret,
2198 1218 2324 1259 neque
2337 1204 2505 1245 inertior
2521 1217 2545 1244 a

159 1269 294 1309 debita
322 1275 439 1323 parte
467 1270 754 1320 excluderetur,
784 1269 868 1310 fieri
901 1283 982 1311 non
998 1270 1140 1323 potuit,
1173 1275 1214 1310 ut
1243 1271 1390 1323 praeda
1421 1270 1598 1310 omnium
1628 1270 1775 1311 virtute
1805 1275 1923 1322 parta
1948 1281 2031 1310 non
2052 1270 2270 1323 aequaliter
2285 1270 2389 1311 inter
2407 1283 2545 1311 omnes

163 1333 486 1379 distribueretur.
545 1335 670 1377 Cuius
700 1336 997 1377 distributionis
1023 1335 1220 1377 arbitrum
1248 1335 1480 1388 Lycurgum
1511 1342 1741 1389 exspectare
1779 1335 1943 1389 longum
1971 1335 2064 1381 suit.
2129 1335 2162 1376 F
2165 1336 2375 1377 irmavisse
2415 1336 2544 1386 igitur

160 1399 230 1441 ille
258 1400 495 1441 iudicandus
525 1409 584 1442 est
613 1414 661 1442 ac
689 1404 872 1442 sanxisse
912 1402 1085 1454 priscam
1116 1407 1250 1441 terrae
1278 1401 1505 1442 Laconicae
1536 1403 1639 1443 inter
1667 1403 1813 1456 stirpes
1842 1408 1880 1442 et
1908 1400 2083 1442 familias
2113 1401 2364 1455 partitionem
2404 1401 2545 1452 singu-

161 1468 371 1521 lorumque
404 1481 596 1521 agrorum
626 1467 950 1521 descriptionem.
967 1466 1010 1522 ⁷)
1086 1467 1244 1507 Etenim
1283 1467 1320 1507 si
1358 1481 1436 1521 qua
1473 1468 1686 1508 diversitas
1726 1468 1805 1508 iam
1844 1474 1935 1508 ante
1973 1465 2202 1522 Lycurgum
2237 1468 2332 1519 fuit,
2376 1468 2438 1508 cui
2476 1468 2545 1507 ille

163 1534 250 1576 suis
279 1533 446 1584 legibus
475 1534 712 1574 medendum
743 1547 831 1574 esse
861 1533 1059 1581 censebat,
1087 1546 1132 1573 ea
1160 1547 1241 1573 non
1268 1534 1480 1573 admodum
1513 1547 1658 1586 magna
1686 1546 1759 1574 nec
1791 1533 1962 1573 consilio
1992 1533 2193 1584 instituta,
2231 1533 2301 1573 sed
2331 1546 2426 1573 casu
2455 1539 2547 1573 nata

162 1612 251 1641 esse
279 1599 463 1651 videtur,
493 1600 602 1641 nullo
635 1599 756 1640 modo
788 1606 909 1652 tanta,
941 1606 981 1640 ut
1010 1599 1228 1640 seditiones
1258 1600 1348 1639 inde
1379 1600 1596 1653 civilesque
1626 1599 1849 1639 discordiae
1877 1599 2108 1639 metuendae
2138 1606 2283 1640 essent.
2338 1599 2443 1639 Nam
2460 1612 2541 1639 non

163 1665 295 1706 minus
310 1678 419 1707 eorm
437 1678 551 1707 error
565 1665 862 1719 redarguendus
881 1673 940 1707 est
975 1665 1042 1720 qui
1057 1665 1287 1718 Lycurgum
1304 1665 1401 1706 nihil
1416 1666 1521 1706 aliud
1540 1679 1660 1719 quam
1672 1666 1827 1718 priscos
1843 1679 1974 1707 mores
1992 1666 2248 1713 instaurasse,
2276 1680 2394 1718 quam
2408 1679 2545 1705 eorum

161 1731 230 1785 qui
259 1744 348 1771 eum
377 1733 511 1772 omnia
539 1744 586 1772 ex
612 1731 771 1785 ingenio
802 1732 1026 1774 instituisse
1057 1732 1233 1774 credunt.
1294 1731 1395 1780 Quid
1426 1733 1530 1787 quod
1547 1731 1732 1785 Spartani
1751 1745 1775 1772 a
1798 1731 1964 1773 Platone
1995 1732 2156 1773 disertis
2176 1731 2311 1773 verbis
2334 1732 2545 1772 laudantur

163 1797 379 1850 felicesque
409 1810 504 1850 prae
535 1798 626 1837 aliis
654 1797 948 1850 praedicantur,
985 1798 1049 1851 qui
1086 1810 1167 1839 non
1205 1805 1365 1839 externa
1403 1799 1538 1851 aliqua
1572 1799 1817 1840 necessitate
1847 1798 1995 1847 coacti,
2041 1805 2082 1839 ut
2121 1805 2189 1839 aut
2223 1811 2312 1838 aere
2342 1798 2472 1838 alieno
2501 1811 2544 1838 se

162 1863 368 1903 solverent
395 1870 463 1902 aut
492 1863 708 1902 seditiones
736 1864 828 1902 inde
856 1871 972 1902 natas
1003 1865 1120 1902 novis
1151 1864 1386 1915 quibusdam
1417 1871 1458 1903 et
1488 1865 1680 1903 inauditis
1714 1863 1990 1915 largitionibus
2010 1863 2207 1915 sedarent,
2233 1863 2408 1902 omnium
2424 1874 2544 1916 agros

164 1928 349 1981 aequales
388 1940 476 1969 esse
515 1927 752 1980 voluissent,
800 1928 869 1968 sed
905 1929 971 1982 qui
1008 1928 1109 1969 hanc
1147 1930 1429 1980 aequalitatem
1467 1942 1491 1968 a
1529 1930 1752 1970 maioribus
1787 1935 1989 1981 acceptam
2027 1934 2183 1969 strenue
2217 1929 2485 1968 retinuissent.
2500 1927 2542 1981 Β)

215 2174 249 2216 ⁸)
282 2175 411 2207 Similis
435 2176 569 2207 Dorum
593 2177 730 2208 illorum
757 2177 974 2218 antiquorum
999 2178 1086 2210 ratio
1107 2179 1176 2211 fuit
1195 2183 1296 2220 atque
1310 2189 1426 2212 eorum
1445 2180 1502 2218 qui
1520 2180 1655 2211 duobus
1670 2180 1826 2212 tribusve
1846 2179 2000 2212 saeculis
2018 2181 2098 2211 ante
2115 2182 2268 2211 nostram
2287 2178 2483 2209 memoriam
2500 2185 2545 2208 ex

284 2234 426 2273 Europa
462 2233 602 2274 profugi
641 2244 767 2266 novam
799 2234 948 2275 patriam
983 2245 1161 2275 novasque
1196 2246 1309 2270 rerum
1345 2245 1490 2269 suarum
1521 2238 1623 2269 sedes
1660 2239 1749 2269 ultra
1776 2238 1949 2270 Oceanum
1981 2239 2201 2277 quaerebant.
2251 2234 2279 2267 li
2313 2237 2403 2268 enim
2435 2236 2544 2268 omnis

281 2299 369 2329 quae
394 2289 477 2323 olim
501 2292 594 2323 iuter
617 2290 712 2331 ipsos
738 2301 815 2324 esse
846 2293 957 2333 potuit
983 2294 1215 2335 diversitatis,
1244 2296 1353 2327 veluti
1367 2296 1567 2337 nobilitatis,
1593 2296 1818 2337 auctoritatis,
1854 2296 2062 2334 divitiarum,
2095 2295 2191 2326 obliti
2223 2303 2408 2332 omnesque
2442 2302 2543 2333 pares

283 2348 376 2380 inter
399 2359 438 2380 se
463 2350 560 2392 sacti,
588 2351 769 2382 veteribus
796 2354 910 2383 tamen
934 2352 1056 2384 incolis
1080 2362 1100 2384 a
1126 2363 1164 2385 se
1189 2354 1372 2397 oppressis
1409 2355 1464 2384 vel
1499 2362 1540 2384 ex
1573 2353 1737 2384 maiorum
1769 2360 1909 2383 suorum
1935 2352 2075 2384 sedibus
2108 2352 2217 2392 pulsis
2253 2351 2435 2382 nobiliores
2467 2360 2543 2383 esse

279 2406 346 2438 sibi
370 2407 590 2440 videbantur.
646 2410 790 2440 Exstitit
812 2410 923 2451 igitur
947 2411 981 2441 in
1004 2420 1096 2442 novo
1130 2413 1212 2443 orbe
1244 2415 1418 2443 terrarum
1443 2420 1513 2442 non
1537 2411 1754 2451 singulorum
1780 2410 1953 2440 hominum
1986 2413 2046 2440 aut
2071 2410 2240 2450 gentium,
2267 2409 2331 2439 sed
2361 2409 2545 2440 universae

278 2464 432 2496 nationis
460 2467 563 2505 atque
587 2472 652 2506 pro
678 2466 814 2498 illorum
837 2467 1017 2500 hominum
1041 2468 1161 2501 indole
1186 2470 1221 2500 et
1246 2472 1368 2501 natura
1390 2478 1480 2500 nova
1505 2468 1674 2507 quaedam
1699 2467 1798 2507 quasi
1829 2468 1955 2499 coloris
1980 2467 2153 2500 nobilitas.

214 2554 249 2598 ⁸)
277 2556 355 2597 Quo
386 2558 521 2589 nomine
555 2558 790 2590 Archidamus
827 2570 908 2591 suos
943 2561 1079 2594 laudat:
1122 2557 1237 2593 ἐκεῖνο
1260 2556 1294 2594 δ’
1325 2551 1392 2594 οὖν
1418 2564 1504 2593 πᾶσι
1530 2554 1700 2608 φανερόν,
1740 2553 1795 2592 ὅτι
1822 2560 1894 2592 τῶν
1915 2554 2099 2598 Ἑλλήνων
2130 2553 2387 2602 διενηνόχαμεν
2419 2553 2464 2592 οὐ
2495 2560 2546 2604 τῷ

279 2611 421 2658 μεγέθει
444 2615 505 2655 τῆς
528 2609 660 2655 πόλεως
685 2610 772 2650 οὐδὲ
796 2619 846 2662 τῷ
866 2611 995 2656 πλήθει
1017 2619 1088 2650 τῶν
1112 2612 1325 2664 ἀνθρώπων,
1362 2613 1441 2650 om)
1475 2610 1529 2651 ὅτι
1552 2612 1617 2656 την
1642 2612 1823 2651 πολιτείαν
1847 2611 1981 2661 ὁμοίαν
1996 2611 2294 2659 κατεστησάμεθα
2318 2616 2542 2662 στρατοπέδῳ

281 2667 398 2712 καλῶς
425 2668 663 2719 διοικουμένῳ
694 2674 757 2707 καὶ
780 2672 991 2722 πειθαρχεῖν
1021 2670 1182 2710 ἐθέλοντι
1214 2679 1288 2717 τοῖς
1311 2670 1498 2724 ἄρχουσιν.
1566 2678 1672 2708 Isocr.
1698 2676 1841 2708 Archid.
1866 2675 1926 2708 81.
1973 2671 2152 2714 Similiter,
2177 2675 2297 2706 addita
2321 2675 2369 2707 rei
2394 2675 2545 2717 ratione,

284 2731 441 2771 Xenoph.
468 2732 512 2762 de
534 2733 587 2764 Re
612 2733 706 2772 publ.
733 2735 864 2767 Laced.
889 2736 925 2777 5,
956 2734 980 2765 2
1026 2733 1236 2780 Λυκοῦργος
1273 2732 1395 2767 τοίνυν
1427 2728 1647 2780 παραλαβών
1672 2728 1757 2773 τούς
1782 2726 2013 2781 Σπαρτιάτας
2046 2727 2140 2766 οἶκοι
2170 2734 2402 2775 σκηνοῦντας,
2438 2726 2545 2777 γνούς

281 2784 320 2821 ἐν
343 2782 483 2828 τούτοις
507 2783 655 2822 :thiara
679 2786 977 2838 ρᾳδιουργετσβαι
1001 2789 1046 2831 εἰς
1058 2786 1101 2824 τό
1114 2787 1269 2839 φανερόν
1284 2786 1430 2836 ἐξήγαγε
1442 2786 1488 2824 τά
1507 2786 1696 2833 συσκήνια,
1723 2785 1837 2831 οὕτως
1854 2784 2051 2835 ἡγούμενος
2064 2786 2176 2829 ἥκιστ’
2194 2783 2239 2821 ἂν
2255 2787 2545 2836 παραβαίνεσθαι

281 2839 328 2879 τά
352 2839 646 2893 προςταττόμενα.
697 2850 788 2881 Sunt
813 2850 906 2881 enim
931 2851 1176 2890 Xenophontis
1208 2844 1385 2889 συσκήνια
1422 2851 1565 2881 aliorum
1589 2847 1765 2890 συσσίτια,
1798 2849 1958 2880 similiter
1990 2850 2029 2879 ut
2056 2850 2077 2879 l.
2102 2850 2126 2881 l.
2155 2848 2190 2888 7,
2224 2848 2247 2878 4
2279 2842 2448 2886 σύσκηνοι
2481 2856 2544 2887 pro

282 2901 479 2948 συσσίτοις;
503 2907 644 2945 σκηνεῑν
666 2913 728 2946 pro
754 2906 889 2947 epulari
916 2909 971 2939 est
995 2907 1087 2947 apud
1111 2907 1269 2947 Xenopb.
1293 2908 1409 2940 Anah.
1438 2907 1501 2947 lV,
1527 2906 1561 2950 ⁵,
1586 2905 1646 2940 33.
1675 2906 1722 2947 V,
1747 2906 1782 2949 3,
1808 2906 1841 2937 9.
1890 2905 1946 2939 Cf.
1971 2906 2061 2938 Plat.
2088 2905 2131 2937 de
2150 2906 2204 2937 Re
2220 2906 2313 2945 publ.
2327 2906 2389 2938 111.
2414 2916 2447 2946 p.
2465 2905 2546 2939 416.

282 2959 326 2994 Ε.
351 2962 552 3005 φοιτῶντας
580 2959 619 2996 δὲ
644 2960 689 3002 εἰς
713 2959 888 3007 ξυσσίτια,
914 2957 1023 3011 ὥςπερ
1053 2961 1447 3011 ἐστρατοπεδευμένους,
1473 2965 1575 3010 κοινῇ
1606 2961 1681 3003 ζῆν.

218 3042 252 3083 ⁷)
287 3042 386 3083 Quae
410 3046 464 3075 est
489 3042 555 3077 Ch.
583 3042 626 3076 G.
651 3044 785 3085 Heynii
811 3045 985 3077 sententia
1007 3045 1061 3077 De
1086 3046 1290 3085 Spartanor.
1314 3056 1353 3079 re
1378 3047 1471 3087 publ.
1500 3049 1535 3078 et
1560 3045 1710 3077 institut.
1737 3046 1771 3077 in
1799 3044 1928 3078 Comm.
1956 3046 2087 3078 Societ.
2104 3043 2267 3087 Gotting.
2293 3046 2333 3079 Τ.
2351 3046 2414 3077 ΙΧ.
2438 3055 2471 3086 p.
2487 3044 2546 3078 13.

218 3133 253 3177 ⁸]
284 3135 380 3168 Plat.
400 3136 515 3178 Legg.
542 3132 609 3170 111.
633 3146 669 3176 p.
693 3136 775 3169 684.
802 3136 845 3169 D.
870 3128 938 3169 οὐκ
962 3126 1008 3178 ἦν
1028 3139 1104 3178 τοῖς
1125 3134 1342 3182 νομοθέταις
1370 3131 1395 3176 ἡ
1418 3134 1561 3181 μεγίστη
1584 3138 1654 3170 τῶν
1678 3136 1848 3181 μέμψεων
1879 3132 2028 3177 ἰσότητα
2052 3131 2177 3176 αὐτοῖς
2208 3145 2291 3169 τινα
2322 3131 2547 3169 κατασκευαί-

281 3190 387 3233 ζουσι
409 3192 471 3232 τῆς
494 3186 635 3237 οὐσίας,
660 3187 745 3242 ἥπερ
772 3190 809 3228 ἐν
831 3187 959 3235 ἄλλαις
982 3193 1311 3240 νομοθετουμέναις
1334 3189 1455 3229 πόλεσι
1475 3190 1626 3235 nomast
1649 3193 1817 3240 γίγνεται,
1844 3189 1907 3229 ἐάν
1919 3206 1970 3237 τις
1993 3193 2081 3240 ζητῇ
2096 3196 2158 3239 γῆς
2180 3206 2214 3228 τε
2226 3195 2347 3235 κτῆσιν
2359 3196 2467 3228 κινεῖν
2482 3193 2546 3227 καὶ

282 3251 396 3298 χρεῶν
411 3244 579 3284 διάλυσιν
596 3268 639 3274 --
657 3254 733 3292 τοῖς
749 3248 788 3286 δὲ
802 3245 850 3292 δή
862 3249 1043 3302 Δωριεῦσι
1066 3252 1130 3286 καὶ
1152 3248 1256 3288 τοῦθ’
1281 3247 1396 3295 οὕτως
1423 3248 1561 3301 ὑπῆρχε
1584 3249 1703 3294 καλῶς
1726 3254 1789 3287 καὶ
1814 3247 2045 3300 ἀνεμεσήτως,
2071 3254 2137 3299 γῆν
2159 3264 2196 3287 τε
2223 3246 2546 3298 ἀναμφισβητήτως

288 3304 541 3354 διανέμεσθαι,
567 3310 631 3344 καὶ
657 3309 750 3356 χρέα
764 3305 904 3355 μεγάλα
927 3311 992 3345 καὶ
1015 3306 1156 3346 παλαιαὶ
1180 3306 1251 3346 οὐκ
1276 3303 1332 3353 ἦν.
1370 3314 1429 3346 Ad
1446 3322 1548 3354 quem
1574 3314 1707 3346 accedit
1736 3314 1875 3353 Polybii
1902 3314 2090 3346 auctoritas
2114 3314 2181 3356 Vl,
2206 3313 2264 3353 45,
2287 3313 2310 3344 3
2329 3313 2390 3352 τῆς
2413 3311 2477 3355 μὲν
2500 3304 2547 3352 δή
