2684 3832
1285 186 1341 229 16

115 355 181 398 illi
209 353 350 408 optimi
380 359 496 396 erant
524 358 561 394 et
588 350 766 392 acerrimi
792 350 1026 404 Lycurgeae
1054 348 1313 404 aequalitatis
1349 349 1399 388 ab
1425 348 1526 402 ipsis
1555 356 1743 404 quantum
1771 350 1857 391 fieri
1886 358 2044 405 poterat
2072 353 2244 393 maxime
2273 366 2496 397 concussae

117 429 156 462 et
183 433 311 474 prope
336 421 513 461 sublatae
539 430 730 457 suasores
747 424 785 456 et
805 416 1049 458 laudatores,
1089 416 1217 463 Quam
1245 429 1364 468 quum
1392 415 1585 468 integram
1612 423 1651 456 et
1680 417 1918 458 incolumem
1947 419 2131 459 omnibus
2152 420 2239 460 suis
2268 433 2312 460 se
2340 421 2499 463 viribus

114 500 282 529 servare
308 486 558 532 simularent,
586 496 669 524 non
696 482 880 537 Lycurgi
908 482 1088 524 instituta
1114 480 1339 529 tuebantur,
1370 480 1440 522 sed
1466 495 1541 524 sua
1570 481 1836 525 defendebant
1864 483 2077 537 privilegia
2114 492 2152 528 et
2180 486 2375 529 maiorem
2403 487 2498 530 for-

115 554 326 596 titudinem
356 565 437 592 non
466 552 601 592 minus
629 563 747 602 quam
776 549 918 591 durum
955 548 1061 592 vitae
1097 561 1222 603 genus
1258 547 1425 590 summis
1463 548 1651 591 laudibus
1685 557 1921 592 exornantes
1962 551 2040 605 ipsi
2076 551 2118 594 in
2147 553 2230 595 otio
2267 560 2305 596 et
2333 553 2496 597 silentio

115 619 225 663 laute
252 616 537 672 splendideque
565 615 768 668 vivebant,
798 615 825 657 ii
855 615 921 669 qui
949 627 1056 657 nunc
1085 610 1223 669 ὅμοιοι
1248 612 1646 670 appellabantur.⁵²)
1703 614 1783 664 Qui
1809 628 1889 671 quo
1919 617 2047 672 magis
2075 618 2239 672 privatis
2268 620 2352 662 suis
2382 619 2499 662 utili-

116 686 265 728 tatibus
295 683 523 725 consultum
553 682 756 731 videbant,
784 682 821 722 si
850 682 1030 736 Lycurgi
1056 682 1179 735 legeS‚
1208 680 1359 734 antiqui
1388 680 1486 720 iuris
1516 693 1636 734 quam
1664 681 1847 736 antiquae
1874 683 2122 724 condicionis
2151 684 2395 737 tenaciores,
2426 700 2499 727 re-

113 751 263 805 ligiose
292 756 513 794 servarent.
541 761 593 788 eo
623 748 752 802 magis
781 748 959 788 strictam
989 761 1092 802 quae
1125 747 1271 787 dicitur
1299 747 1438 798 legum
1476 747 1839 799 interpretationem
1872 748 2087 802 probantes
2116 750 2157 790 in
2186 751 2319 791 verbis
2348 752 2495 793 haere-

115 818 228 867 bant,
262 828 396 856 veram
432 827 575 854 earum
604 814 780 855 indolem
808 826 854 853 ac
880 814 1075 854 rationem
1114 813 1231 865 parvi
1260 814 1473 855 faciebant.
1531 814 1638 854 Tum
1671 826 1767 853 vero
1804 821 1897 856 nata
1936 820 1993 856 est
2028 828 2077 857 ex
2113 816 2258 856 veteris
2296 818 2499 858 masculae

113 883 280 924 virtutis
308 880 549 934 negligentia
585 879 762 933 pessima
789 892 946 920 morum
983 880 1237 932 corruptela,
1279 893 1382 934 quae
1423 891 1542 933 quum
1579 878 1647 920 diu
1676 891 1745 932 per
1775 878 1934 922 viscera
1962 881 2133 923 civitatis
2162 882 2388 935 serpsisset‚
2417 882 2498 925 dici

115 950 186 991 vix
214 955 342 1002 potest
374 955 523 1002 quanta
550 948 590 988 vi
619 954 657 988 et
686 946 888 988 celeritate
913 946 1168 998 aegrotantia
1195 945 1254 987 rei
1282 945 1464 998 publicae
1497 945 1675 986 membra
1713 945 1956 999 corripuerit
1982 961 2215 1003 omnemque
2243 948 2404 1001 pristini
2432 963 2499 991 ro-

113 1016 229 1056 boris
245 1014 508 1067 recuperandi
526 1026 635 1066 spem
651 1012 870 1054 sustulerit.
929 1012 1052 1052 Multi
1074 1012 1178 1051 enim
1203 1024 1251 1052 ex
1270 1011 1449 1052 feliciore
1467 1011 1698 1051 condicione
1721 1011 1773 1052 ad
1794 1019 2069 1066 paupertatem
2097 1014 2275 1066 depressi
2301 1014 2396 1055 dum
2424 1028 2498 1055 sua

112 1080 274 1134 negotia
300 1079 504 1132 gerebant,
535 1090 695 1130 remque
721 1077 960 1117 familiarem
989 1077 1272 1130 procurabant,
1289 1076 1500 1127 fugiebant
1523 1077 1658 1125 ludos,
1685 1078 1953 1120 detrectabant
1978 1091 2091 1119 arma
2109 1079 2288 1133 turpique
2308 1079 2497 1133 'squalore

117 1157 289 1198 corpora
317 1151 546 1197 torpescere
565 1143 760 1184 sinebant.
791 1142 990 1183 Vivebant
1011 1155 1137 1195 neque
1166 1142 1270 1182 bello
1299 1154 1424 1194 neque
1447 1142 1536 1194 paci
1558 1142 1706 1193 idonei,
1737 1149 1774 1184 et
1802 1156 1926 1196 neque
1952 1143 2141 1196 privatim
2167 1157 2293 1198 neque
2321 1145 2497 1198 publice,

117 1222 247 1263 neque
274 1209 353 1249 sibi
371 1222 494 1262 neque
516 1208 607 1248 aliis
625 1208 740 1248 utiles
765 1207 820 1247 ita
838 1207 942 1247 vitae
966 1207 1211 1247 curriculum
1235 1207 1509 1256 conficiebant,
1533 1212 1576 1247 ut
1599 1207 1724 1248 veluti
1737 1219 1860 1249 naves
1879 1208 2036 1249 nullum
2053 1209 2120 1250 sui
2133 1210 2345 1263 vestigium
2374 1210 2496 1250 relin-

116 1280 306 1330 querent:
338 1287 413 1327 quo
425 1274 572 1315 factum
597 1278 656 1314 est
674 1279 720 1314 ut
736 1273 785 1313 ad
807 1272 983 1325 inopiam
1008 1273 1225 1326 turpitudo,
1248 1271 1300 1312 ad
1318 1271 1604 1325 turpitudinem
1619 1271 1844 1323 ignominia
1862 1273 2082 1316 accederet.
2113 1273 2265 1323 Quodsi
2281 1275 2324 1315 in
2342 1276 2496 1331 reliqua

115 1341 288 1384 Graecia
317 1341 431 1383 firma
460 1347 543 1383 tum
571 1346 608 1381 et
637 1341 791 1393 integra
816 1339 992 1380 stetisset
1019 1345 1179 1393 patrum
1207 1338 1352 1391 virtus,
1380 1338 1510 1378 minus
1539 1336 1711 1378 fortasse
1731 1338 1954 1391 perniciosa
1968 1339 2113 1381 fuisset
2142 1340 2205 1382 vis
2233 1342 2495 1383 malorumin

116 1421 204 1449 rem
233 1409 436 1461 publicam
452 1408 861 1448 Lacedaemoniorum
890 1407 998 1446 velut
1026 1405 1184 1457 agmine
1214 1405 1318 1445 facto
1348 1404 1610 1445 irruentium:
1640 1403 1712 1444 sed
1745 1404 1812 1445 ubi
1825 1410 1951 1447 totum
1980 1419 2128 1460 corpus
2169 1407 2399 1461 languescit,
2427 1409 2496 1450 vix

114 1487 243 1515 unum
271 1475 335 1513 vel
363 1475 529 1514 alterum
561 1473 783 1514 membrum
810 1485 953 1513 sanum
982 1484 1069 1512 esse
1094 1477 1225 1524 potest
1254 1477 1291 1512 ct
1319 1472 1535 1524 integrum.
1565 1469 1646 1510 Tot
1662 1474 1793 1511 autem
1820 1476 1858 1512 et
1886 1475 1997 1513 tanta
2014 1472 2193 1515 omnium
2218 1473 2496 1515 illecebrarum

115 1552 263 1592 genera
290 1552 336 1580 ea
361 1545 490 1579 aetate
517 1539 558 1579 in
587 1553 717 1591 genus
746 1539 964 1579 humanum
985 1537 1226 1587 invaserunt,
1258 1536 1408 1589 quibus
1435 1536 1573 1588 procul
1591 1549 1615 1576 a
1641 1548 1686 1577 se
1713 1534 1909 1578 habendis
1935 1536 2005 1579 vix
2032 1543 2189 1579 veteres
2217 1538 2280 1580 illi
2294 1540 2496 1592 Spartani,

116 1604 308 1660 Lycurgi
336 1604 547 1660 aequales,
584 1605 729 1646 nedum
759 1604 973 1657 degeneres
1002 1602 1185 1657 ipsorum
1219 1601 1290 1642 filii
1319 1614 1438 1655 pares
1477 1601 1656 1642 fuissent.
1712 1600 1774 1642 De
1802 1602 1946 1656 quibus
1973 1614 2095 1657 quum
2121 1603 2236 1644 multi
2261 1604 2499 1658 scripserint

111 1676 234 1725 atque
261 1671 338 1711 hoc
368 1671 459 1712 loco
488 1671 707 1711 accuratius
739 1671 936 1711 disserere
965 1675 1003 1710 et
1031 1670 1199 1721 longum
1229 1668 1281 1708 sit
1311 1675 1349 1708 et
1378 1681 1402 1707 a
1428 1669 1598 1709 consilio
1634 1676 1771 1709 nostro
1800 1669 1994 1722 alienum,
2036 1682 2164 1723 pauca
2195 1676 2352 1711 tantum
2389 1684 2494 1724 pro-

113 1738 221 1780 ferre
247 1737 347 1779 satis
374 1736 585 1778 habemus.

225 1803 331 1845 Nam
364 1816 480 1857 quum
512 1802 660 1843 bellica
684 1800 1095 1843 Lacedaemoniorum
1123 1799 1248 1840 virtus
1270 1805 1307 1839 et
1335 1797 1528 1840 fortitudo
1557 1812 1628 1853 per
1654 1805 1781 1841 totum
1809 1800 1945 1842 orbem
1973 1806 2171 1842 terrarum
2200 1801 2497 1843 celebrarentur

113 1869 340 1923 multaeque
370 1876 512 1925 gentes
541 1876 670 1908 essent
705 1881 752 1908 ac
781 1868 962 1908 nationes
996 1880 1096 1920 quae
1124 1865 1431 1918 peregrinorum
1470 1865 1643 1906 militum
1683 1880 1806 1920 opera
1845 1867 1887 1908 in
1928 1869 2011 1908 suis
2042 1867 2158 1908 bellis
2186 1869 2242 1909 uti
2272 1882 2388 1921 quam
2417 1870 2496 1923 ipsi

113 1949 229 1976 arma
257 1935 365 1976 ferre
402 1935 643 1988 militiaeque
673 1934 834 1974 labores
863 1935 1036 1974 tolerare
1064 1933 1250 1981 mallent,
1281 1932 1429 1971 factum
1468 1937 1527 1972 est
1552 1931 1711 1984 ignavia
1740 1933 1881 1973 horum
1914 1933 2121 1974 hominum
2157 1947 2203 1975 ac
2232 1935 2409 1989 desidia,
2451 1941 2495 1976 ut

113 2000 249 2042 omnia
277 2001 361 2041 fere
390 2002 565 2041 omnium
592 2000 834 2053 populorum
872 1999 980 2040 bella
1008 1998 1416 2039 Lacedaemoniorum
1444 2010 1566 2050 opera
1593 2004 1836 2050 gererentur.
1893 1998 2031 2053 Neque
2070 2000 2173 2040 enim
2203 1999 2337 2052 cyrus
2366 2001 2494 2054 solus,

111 2067 352 2109 Artaxerxis
382 2067 525 2113 frater,
549 2067 612 2107 vel
647 2065 852 2119 aliquanto
879 2070 974 2118 post
1003 2063 1390 2117 Carthaginiensium
1418 2075 1482 2103 res
1522 2062 1680 2116 publica
1707 2064 1925 2105 exercitum
1942 2096 1954 2116 ‚
1989 2064 2100 2106 cuius
2124 2065 2206 2107 dux
2233 2065 2492 2121 Xanthippus

111 2138 221 2186 erat,
265 2144 389 2185 quum
418 2145 469 2173 ex
498 2132 685 2173 universa
714 2131 884 2173 Graecia
910 2136 992 2173 tum
1023 2130 1208 2185 inprimis
1239 2142 1295 2171 ex
1324 2128 1524 2170 Laconica
1551 2129 1785 2184 collegerat,
1829 2143 1967 2172 verum
2011 2131 2130 2173 etiam
2160 2132 2303 2174 Graeci
2332 2133 2413 2187 ipsi
2440 2147 2494 2175 ex

138 2393 198 2436 ³²)
210 2394 303 2425 Dicti
328 2395 410 2426 sunt
432 2395 501 2426 hoc
526 2394 683 2436 nomine,
719 2403 786 2425 non
812 2394 902 2432 quod
935 2395 977 2424 ab
1011 2393 1257 2432 antiquissimis
1290 2395 1502 2434 temporibus
1537 2392 1722 2427 discrimen
1748 2396 1888 2435 aliquod
1915 2397 2042 2429 civium
2075 2398 2205 2440 fuerit,
2239 2398 2329 2436 quod
2360 2399 2491 2430 nullum

203 2451 318 2484 fuisse
341 2453 470 2484 scimus
509 2469 546 2475 —
572 2461 691 2484 omnes
725 2451 817 2483 enim
841 2450 1028 2492 Spartani,
1063 2451 1093 2482 si
1126 2459 1147 2482 a
1177 2451 1319 2494 regibus
1351 2452 1574 2495 discesseris,
1612 2452 1787 2495 dignitate
1821 2461 1922 2494 pares
1933 2477 1945 2497 ,
1983 2464 2094 2495 neque
2119 2456 2271 2497 Spartae
2315 2465 2426 2495 neque
2455 2455 2492 2488 in

204 2511 353 2543 caeteris
377 2511 582 2544 civitatibus
606 2511 840 2543 Doriensibus
866 2511 925 2541 uili
950 2511 1082 2542 nobiles
1106 2511 1250 2549 praeter
1272 2519 1394 2552 reges:
1424 2518 1505 2542 nam
1529 2510 1753 2543 Bacchiadae
1778 2513 1870 2551 apud
1895 2512 2106 2555 Corinthios,
2133 2514 2166 2545 si
2192 2513 2380 2546 nobilitate
2403 2521 2491 2554 prae

202 2570 354 2602 caeteris
388 2571 574 2612 florebant,
610 2573 648 2602 et
679 2569 747 2610 ipsi
778 2579 799 2601 a
828 2569 928 2611 regia
965 2569 1229 2600 Heraclidarum
1264 2567 1373 2607 stirpe
1408 2569 1644 2610 descendunt,
1679 2569 1841 2612 Aegidae
1866 2578 1974 2612 vero,
2001 2571 2139 2603 Therae
2165 2572 2315 2614 posteri,
2355 2581 2423 2603 non
2448 2581 2491 2603 ex

200 2629 324 2661 eadem
349 2635 420 2667 qua
445 2628 614 2669 Spartani
637 2628 767 2670 stirpe,
792 2628 854 2659 sed
880 2637 921 2659 ex
948 2628 1096 2658 Boeotia
1121 2626 1254 2658 oriundi
1278 2629 1393 2669 erant,
1430 2627 1562 2658 Miiller
1588 2626 1744 2659 Orchom.
1769 2638 1801 2668 p.
1831 2626 1924 2662 329:
1960 2637 2167 2669 quamquam
2191 2633 2271 2662 sunt
2295 2629 2351 2669 qui
2376 2629 2491 2662 omnia

203 2687 274 2718 alia
294 2685 450 2719 sentiant
473 2686 509 2718 et
532 2685 722 2718 nobiliores
746 2684 913 2724 quosdam
939 2685 1045 2717 etiam
1078 2685 1173 2725 apud
1207 2684 1403 2725 Spartanos
1435 2684 1546 2716 fuisse
1576 2686 1755 2729 statuant,
1789 2685 1880 2719 inter
1911 2695 1999 2727 quos
2032 2690 2172 2728 praeter
2202 2688 2422 2720 Kortiimium
2455 2688 2492 2720 et

206 2744 469 2778 Lachmannum
500 2742 654 2784 inprimis
694 2742 918 2775 Schlosserus
952 2742 1180 2775 nominandus
1214 2744 1269 2774 est
1299 2743 1334 2774 in
1358 2742 1670 2775 Universalhistor.
1718 2744 1927 2776 Uebersicht
1964 2745 2026 2777 der
2057 2744 2265 2777 Geschichte
2298 2745 2359 2776 der
2395 2743 2490 2776 alten

201 2803 307 2834 Welt
344 2804 384 2834 T.
427 2802 455 2833 1.
491 2802 530 2833 P.
573 2801 604 2832 1.
638 2799 767 2841 325—,
805 2801 871 2831 sed
911 2808 1016 2839 quum
1047 2801 1209 2842 ipsarum
1250 2803 1515 2843 Lycurgearum
1555 2803 1674 2843 legum
1709 2804 1906 2842 contemptu
1943 2803 2098 2834 nonnulli
2132 2804 2232 2842 quasi
2274 2803 2399 2841 capitis
2424 2803 2490 2834 de-

204 2860 332 2894 minuti
355 2863 484 2902 essent,
507 2859 633 2898 reliqui
658 2859 717 2898 qui
741 2858 871 2898 optimo
895 2859 971 2890 iure
996 2859 1195 2891 fruerentur
1235 2866 1280 2890 ea
1311 2858 1389 2898 ipsa
1423 2859 1468 2890 de
1501 2866 1610 2890 causa
1634 2866 1702 2891 non
1728 2859 1920 2900 praecipuo
1945 2860 2082 2901 aliquo,
2122 2860 2185 2893 sed
2219 2869 2261 2892 eo
2285 2859 2375 2899 quod
2399 2859 2492 2891 anti-

203 2917 322 2957 quitus
339 2916 487 2949 omnium
526 2916 648 2949 suerat
673 2915 846 2957 parium
872 2916 1012 2948 nomine
1029 2916 1199 2956 appellati
1221 2918 1316 2948 sunt.
1338 2917 1465 2948 Eorum
1492 2916 1646 2959 dignitas
1660 2914 1863 2949 hereditatis
1886 2918 1985 2957 quasi
2009 2919 2161 2956 quodam
2185 2918 2259 2949 iure
2284 2925 2304 2947 a
2328 2917 2489 2956 patribus

200 2971 246 3008 ad
264 2976 353 3008 filios
371 2975 589 3013 transmissa,
617 2975 743 3015 quippe
770 2981 861 3014 quae
886 2977 921 3006 et
946 2982 969 3007 a
985 2975 1036 3006 rei
1063 2974 1246 3006 familiaris
1270 2974 1497 3014 amplitudine
1524 2977 1557 3006 et
1573 2982 1595 3005 a
1615 2975 1763 3015 puerilis
1776 2973 2003 3008 institutionis
2029 2975 2251 3017 liberalitate,
2276 2976 2321 3006 ab
2341 2975 2488 3007 honesto

208 3033 359 3074 denique
382 3043 450 3073 quo
473 3034 558 3065 nulli
583 3033 651 3064 nisi
674 3032 869 3075 locupaetes
892 3033 1100 3065 fruebantur
1123 3033 1195 3065 otio
1222 3033 1405 3073 penderet.
1455 3034 1627 3074 Quamdiu
1662 3033 1752 3066 enim
1784 3035 1937 3067 omnium
1969 3034 2098 3067 civium
2123 3035 2362 3074 possessiones
2385 3043 2489 3074 pares

199 3094 316 3135 erant,
331 3085 461 3125 ‘omnes
484 3092 606 3123 eodem
630 3091 707 3123 iure
728 3092 920 3126 vivebant:
946 3099 1068 3124 verum
1093 3101 1135 3124 ex
1158 3101 1225 3131 quo
1250 3094 1406 3131 tempore
1430 3089 1491 3124 alii
1515 3091 1680 3135 ditiores,
1713 3091 1773 3124 alii
1797 3092 2020 3133 pauperiores
2043 3094 2156 3134 erant,
2181 3092 2231 3124 illi
2256 3092 2390 3124 tantum
2413 3100 2487 3124 rem

200 3151 375 3192 publicam
408 3152 645 3191 capessebant
676 3149 898 3192 civitatisque
930 3150 1078 3195 negotia
1109 3151 1295 3193 gerebant.
1354 3148 1462 3181 Iidem
1495 3144 1656 3189 ἔκκλητοι
1688 3150 1910 3191 appellantur
1941 3160 1962 3183 a
1993 3151 2222 3191 Xenophonte
2251 3149 2387 3182 Hellen.
2418 3147 2487 3191 111,

200 3209 238 3251 3,
270 3209 316 3251 8,
349 3217 435 3248 quos
460 3210 600 3241 eosdem
625 3210 815 3242 Persarum
838 3203 1023 3254 ὁμοτίμοις
1054 3210 1248 3241 simillimos
1280 3208 1447 3240 describit
1478 3207 1609 3249 Cyrop.
1644 3209 1690 3251 ΙΙ,
1722 3208 1758 3250 1,
1789 3210 1823 3242 8.
1857 3210 1939 3249 vn,
1972 3210 2008 3252 5,
2040 3208 2098 3242 71.
2123 3210 2152 3252 1,
2177 3208 2213 3251 ὅ,
2237 3208 2272 3241 5.
2298 3207 2353 3241 Cf.
2376 3207 2417 3241 C.
2442 3207 2486 3240 F.

200 3267 392 3299 Hermanni
423 3267 626 3306 Disputatio
659 3269 703 3301 de
737 3268 937 3302 condicione
968 3276 1110 3311 eorum,
1143 3269 1201 3307 qui
1234 3267 1378 3300 Homoei
1412 3268 1507 3307 apud
1535 3269 1827 3301 Lacedaemonios
1851 3268 2022 3310 appellati
2052 3270 2132 3300 sunt
2163 3267 2200 3300 iu
2226 3265 2372 3307 Antiqu.
2397 3267 2485 3300 Lac.

199 3313 276 3360 Lib}
304 3325 373 3361 iv.
399 3334 433 3365 p.
458 3323 541 3358 152.
