<?xml version="1.0" encoding="UTF-8"?>
<!DOCTYPE html PUBLIC "-//W3C//DTD XHTML 1.0 Transitional//EN"
    "http://www.w3.org/TR/xhtml1/DTD/xhtml1-transitional.dtd">
<html xmlns="http://www.w3.org/1999/xhtml" xml:lang="en" lang="en">
 <head>
  <title>
</title>
<meta http-equiv="Content-Type" content="text/html;charset=utf-8" />
  <meta name='ocr-system' content='tesseract 3.04.00' />
  <meta name='ocr-capabilities' content='ocr_page ocr_carea ocr_par ocr_line ocrx_word'/>
</head>
<body>
  <div class='ocr_page' id='page_1' title='image "./4769644_0010.png"; bbox 0 0 2684 3832; ppageno 0'>
   <div class='ocr_carea' id='block_1_1' title="bbox 1292 172 1318 213">
    <p class='ocr_par' dir='ltr' id='par_1_1' title="bbox 1292 172 1318 213">
     <span class='ocr_line' id='line_1_1' title="bbox 1292 172 1318 213; baseline 0 0"><span class='ocrx_word' id='word_1_1' title='bbox 1292 172 1318 213; x_wconf 83' lang='lat'>2</span> 
     </span>
    </p>
   </div>
   <div class='ocr_carea' id='block_1_2' title="bbox 113 334 2495 776">
    <p class='ocr_par' dir='ltr' id='par_1_2' title="bbox 113 334 2495 776">
     <span class='ocr_line' id='line_1_2' title="bbox 113 334 2495 393; baseline -0.003 -10"><span class='ocrx_word' id='word_1_2' title='bbox 113 341 164 383; x_wconf 91' lang='lat' dir='ltr'>Iu</span> <span class='ocrx_word' id='word_1_3' title='bbox 189 342 253 381; x_wconf 88' lang='lat' dir='ltr'>his</span> <span class='ocrx_word' id='word_1_4' title='bbox 281 339 414 393; x_wconf 82' lang='lat' dir='ltr'>igitur</span> <span class='ocrx_word' id='word_1_5' title='bbox 439 346 500 382; x_wconf 87' lang='lat' dir='ltr'>tot</span> <span class='ocrx_word' id='word_1_6' title='bbox 526 339 724 392; x_wconf 79' lang='lat' dir='ltr'>tantisque</span> <span class='ocrx_word' id='word_1_7' title='bbox 753 336 933 377; x_wconf 90' lang='lat' dir='ltr'>omnium</span> <span class='ocrx_word' id='word_1_8' title='bbox 961 348 1098 377; x_wconf 91' lang='lat' dir='ltr'>rerum</span> <span class='ocrx_word' id='word_1_9' title='bbox 1127 334 1463 376; x_wconf 85' lang='lat' dir='ltr'>conversionibus</span> <span class='ocrx_word' id='word_1_10' title='bbox 1492 348 1608 388; x_wconf 91' lang='lat' dir='ltr'>quum</span> <span class='ocrx_word' id='word_1_11' title='bbox 1638 335 1782 388; x_wconf 90' lang='lat' dir='ltr'>optimi</span> <span class='ocrx_word' id='word_1_12' title='bbox 1808 335 1950 389; x_wconf 90' lang='lat' dir='ltr'>quique</span> <span class='ocrx_word' id='word_1_13' title='bbox 1977 334 2149 376; x_wconf 78' lang='lat' dir='ltr'><strong>maxime</strong></span> <span class='ocrx_word' id='word_1_14' title='bbox 2187 335 2235 376; x_wconf 88' lang='lat' dir='ltr'>de</span> <span class='ocrx_word' id='word_1_15' title='bbox 2263 348 2309 376; x_wconf 92' lang='lat' dir='ltr'>re</span> <span class='ocrx_word' id='word_1_16' title='bbox 2335 335 2495 388; x_wconf 85' lang='lat' dir='ltr'>publica</span> 
     </span>
     <span class='ocr_line' id='line_1_3' title="bbox 118 399 2495 462; baseline -0.003 -13"><span class='ocrx_word' id='word_1_17' title='bbox 118 408 390 462; x_wconf 76' lang='lat' dir='ltr'>desperarent,</span> <span class='ocrx_word' id='word_1_18' title='bbox 436 404 595 447; x_wconf 87' lang='lat' dir='ltr'>iuvabat</span> <span class='ocrx_word' id='word_1_19' title='bbox 637 417 687 444; x_wconf 83' lang='lat' dir='ltr'>ex</span> <span class='ocrx_word' id='word_1_20' title='bbox 730 401 933 457; x_wconf 87' lang='lat' dir='ltr'>perpetuis</span> <span class='ocrx_word' id='word_1_21' title='bbox 978 401 1266 443; x_wconf 89' lang='lat' dir='ltr'>controversiis</span> <span class='ocrx_word' id='word_1_22' title='bbox 1311 399 1491 454; x_wconf 77' lang='lat' dir='ltr'>adeoque</span> <span class='ocrx_word' id='word_1_23' title='bbox 1535 400 1797 442; x_wconf 84' lang='lat' dir='ltr'>seditionibus</span> <span class='ocrx_word' id='word_1_24' title='bbox 1849 401 1892 441; x_wconf 90' lang='lat' dir='ltr'>in</span> <span class='ocrx_word' id='word_1_25' title='bbox 1931 412 2050 442; x_wconf 87' lang='lat' dir='ltr'>sacra</span> <span class='ocrx_word' id='word_1_26' title='bbox 2079 400 2287 443; x_wconf 77' lang='lat' dir='ltr'>Musarum</span> <span class='ocrx_word' id='word_1_27' title='bbox 2331 401 2495 444; x_wconf 88' lang='lat' dir='ltr'>delubra</span> 
     </span>
     <span class='ocr_line' id='line_1_4' title="bbox 114 466 2494 526; baseline -0.002 -12"><span class='ocrx_word' id='word_1_28' title='bbox 114 472 368 526; x_wconf 56' lang='lat' dir='ltr'>refuga-ost)</span> <span class='ocrx_word' id='word_1_29' title='bbox 413 471 462 512; x_wconf 90' lang='lat' dir='ltr'>In</span> <span class='ocrx_word' id='word_1_30' title='bbox 491 473 573 512; x_wconf 92' lang='lat' dir='ltr'>otio</span> <span class='ocrx_word' id='word_1_31' title='bbox 605 470 710 511; x_wconf 89' lang='lat' dir='ltr'>enim</span> <span class='ocrx_word' id='word_1_32' title='bbox 737 482 784 509; x_wconf 87' lang='lat' dir='ltr'>ac</span> <span class='ocrx_word' id='word_1_33' title='bbox 812 467 974 509; x_wconf 89' lang='lat' dir='ltr'>silentio</span> <span class='ocrx_word' id='word_1_34' title='bbox 1002 467 1096 521; x_wconf 88' lang='lat' dir='ltr'>quid</span> <span class='ocrx_word' id='word_1_35' title='bbox 1125 468 1429 521; x_wconf 79' lang='lat' dir='ltr'>sapientissimis</span> <span class='ocrx_word' id='word_1_36' title='bbox 1460 468 1635 508; x_wconf 89' lang='lat' dir='ltr'>omnium</span> <span class='ocrx_word' id='word_1_37' title='bbox 1666 474 1891 521; x_wconf 87' lang='lat' dir='ltr'>temporum</span> <span class='ocrx_word' id='word_1_38' title='bbox 1921 467 2021 507; x_wconf 88' lang='lat' dir='ltr'>viris</span> <span class='ocrx_word' id='word_1_39' title='bbox 2050 466 2099 507; x_wconf 84' lang='lat' dir='ltr'>de</span> <span class='ocrx_word' id='word_1_40' title='bbox 2120 468 2273 520; x_wconf 88' lang='lat' dir='ltr'>optima</span> <span class='ocrx_word' id='word_1_41' title='bbox 2291 469 2494 510; x_wconf 87' lang='lat' dir='ltr'>civitatum</span> 
     </span>
     <span class='ocr_line' id='line_1_5' title="bbox 116 532 2494 590; baseline -0.003 -9"><span class='ocrx_word' id='word_1_42' title='bbox 116 539 251 581; x_wconf 77' lang='lat' dir='ltr'>forma</span> <span class='ocrx_word' id='word_1_43' title='bbox 276 539 405 590; x_wconf 84' lang='lat' dir='ltr'>deque</span> <span class='ocrx_word' id='word_1_44' title='bbox 431 549 569 578; x_wconf 87' lang='lat' dir='ltr'>earum</span> <span class='ocrx_word' id='word_1_45' title='bbox 597 534 898 577; x_wconf 88' lang='lat' dir='ltr'>condendarum</span> <span class='ocrx_word' id='word_1_46' title='bbox 926 540 964 574; x_wconf 94' lang='lat' dir='ltr'>et</span> <span class='ocrx_word' id='word_1_47' title='bbox 997 533 1333 574; x_wconf 86' lang='lat' dir='ltr'>instituendarum</span> <span class='ocrx_word' id='word_1_48' title='bbox 1359 532 1480 574; x_wconf 90' lang='lat' dir='ltr'>modo</span> <span class='ocrx_word' id='word_1_49' title='bbox 1509 546 1555 573; x_wconf 88' lang='lat' dir='ltr'>ac</span> <span class='ocrx_word' id='word_1_50' title='bbox 1583 533 1735 574; x_wconf 91' lang='lat' dir='ltr'>ratione</span> <span class='ocrx_word' id='word_1_51' title='bbox 1762 533 1956 588; x_wconf 80' lang='lat' dir='ltr'>placuerit</span> <span class='ocrx_word' id='word_1_52' title='bbox 1985 532 2196 586; x_wconf 84' lang='lat' dir='ltr'>explorare</span> <span class='ocrx_word' id='word_1_53' title='bbox 2223 535 2265 574; x_wconf 94' lang='lat' dir='ltr'>in</span> <span class='ocrx_word' id='word_1_54' title='bbox 2280 546 2494 590; x_wconf 89' lang='lat' dir='ltr'>eorumque</span> 
     </span>
     <span class='ocr_line' id='line_1_6' title="bbox 116 598 2495 658; baseline -0.002 -13"><span class='ocrx_word' id='word_1_55' title='bbox 116 603 442 658; x_wconf 85' lang='lat' dir='ltr'>splendidisslma</span> <span class='ocrx_word' id='word_1_56' title='bbox 469 603 686 644; x_wconf 86' lang='lat' dir='ltr'>simulacra</span> <span class='ocrx_word' id='word_1_57' title='bbox 713 608 915 655; x_wconf 81' lang='lat' dir='ltr'>tamquam</span> <span class='ocrx_word' id='word_1_58' title='bbox 936 600 978 640; x_wconf 92' lang='lat' dir='ltr'>in</span> <span class='ocrx_word' id='word_1_59' title='bbox 1008 601 1212 654; x_wconf 89' lang='lat' dir='ltr'>speculum</span> <span class='ocrx_word' id='word_1_60' title='bbox 1241 600 1386 641; x_wconf 91' lang='lat' dir='ltr'>intueri</span> <span class='ocrx_word' id='word_1_61' title='bbox 1416 612 1574 640; x_wconf 88' lang='lat' dir='ltr'>summa</span> <span class='ocrx_word' id='word_1_62' title='bbox 1592 606 1653 641; x_wconf 90' lang='lat' dir='ltr'>est</span> <span class='ocrx_word' id='word_1_63' title='bbox 1681 600 1879 652; x_wconf 81' lang='lat' dir='ltr'>voluptas.</span> <span class='ocrx_word' id='word_1_64' title='bbox 1936 598 1999 640; x_wconf 88' lang='lat' dir='ltr'>lta</span> <span class='ocrx_word' id='word_1_65' title='bbox 2025 599 2174 640; x_wconf 81' lang='lat' dir='ltr'>factum</span> <span class='ocrx_word' id='word_1_66' title='bbox 2203 607 2276 651; x_wconf 87' lang='lat' dir='ltr'>est,</span> <span class='ocrx_word' id='word_1_67' title='bbox 2307 607 2349 642; x_wconf 91' lang='lat' dir='ltr'>ut</span> <span class='ocrx_word' id='word_1_68' title='bbox 2378 601 2426 641; x_wconf 85' lang='lat' dir='ltr'>ad</span> <span class='ocrx_word' id='word_1_69' title='bbox 2449 613 2495 641; x_wconf 89' lang='lat' dir='ltr'>ea</span> 
     </span>
     <span class='ocr_line' id='line_1_7' title="bbox 119 666 2495 724; baseline -0.001 -14"><span class='ocrx_word' id='word_1_70' title='bbox 119 670 322 724; x_wconf 85' lang='lat' dir='ltr'>equidem,</span> <span class='ocrx_word' id='word_1_71' title='bbox 378 668 666 722; x_wconf 82' lang='lat' dir='ltr'>qualiacunque</span> <span class='ocrx_word' id='word_1_72' title='bbox 707 673 865 719; x_wconf 89' lang='lat' dir='ltr'>essent,</span> <span class='ocrx_word' id='word_1_73' title='bbox 914 680 1014 720; x_wconf 91' lang='lat' dir='ltr'>quae</span> <span class='ocrx_word' id='word_1_74' title='bbox 1066 680 1137 707; x_wconf 79' lang='lat' dir='ltr'>sex</span> <span class='ocrx_word' id='word_1_75' title='bbox 1178 666 1321 706; x_wconf 86' lang='lat' dir='ltr'>abhinc</span> <span class='ocrx_word' id='word_1_76' title='bbox 1368 666 1485 706; x_wconf 86' lang='lat' dir='ltr'>annis</span> <span class='ocrx_word' id='word_1_77' title='bbox 1535 667 1663 707; x_wconf 88' lang='lat' dir='ltr'>literis</span> <span class='ocrx_word' id='word_1_78' title='bbox 1706 666 2030 719; x_wconf 88' lang='lat' dir='ltr'>consignassem,</span> <span class='ocrx_word' id='word_1_79' title='bbox 2080 677 2184 705; x_wconf 89' lang='lat' dir='ltr'>nunc</span> <span class='ocrx_word' id='word_1_80' title='bbox 2226 666 2316 706; x_wconf 88' lang='lat' dir='ltr'>data</span> <span class='ocrx_word' id='word_1_81' title='bbox 2358 667 2495 707; x_wconf 89' lang='lat' dir='ltr'>eadem</span> 
     </span>
     <span class='ocr_line' id='line_1_8' title="bbox 116 731 980 776; baseline -0.003 0"><span class='ocrx_word' id='word_1_82' title='bbox 116 734 322 776; x_wconf 80' lang='lat' dir='ltr'>scribendi</span> <span class='ocrx_word' id='word_1_83' title='bbox 350 733 559 776; x_wconf 84' lang='lat' dir='ltr'>occasione</span> <span class='ocrx_word' id='word_1_84' title='bbox 585 731 719 775; x_wconf 76' lang='lat' dir='ltr'>r&#39;edire</span> <span class='ocrx_word' id='word_1_85' title='bbox 749 739 980 774; x_wconf 86' lang='lat' dir='ltr'>statuerem.</span> 
     </span>
    </p>
   </div>
   <div class='ocr_carea' id='block_1_3' title="bbox 232 945 2496 1688">
    <p class='ocr_par' dir='ltr' id='par_1_3' title="bbox 232 945 2496 1688">
     <span class='ocr_line' id='line_1_9' title="bbox 236 945 2495 989; baseline 0 -11"><span class='ocrx_word' id='word_1_86' title='bbox 236 947 274 978; x_wconf 80' lang='lat' dir='ltr'>in</span> <span class='ocrx_word' id='word_1_87' title='bbox 305 945 533 986; x_wconf 68' lang='lat' dir='ltr'>locupletium</span> <span class='ocrx_word' id='word_1_88' title='bbox 562 950 743 986; x_wconf 73' lang='lat' dir='ltr'>potestate</span> <span class='ocrx_word' id='word_1_89' title='bbox 781 951 898 979; x_wconf 78' lang='lat' dir='ltr'>essent</span> <span class='ocrx_word' id='word_1_90' title='bbox 931 951 966 980; x_wconf 90' lang='lat' dir='ltr'>et</span> <span class='ocrx_word' id='word_1_91' title='bbox 1003 949 1195 988; x_wconf 79' lang='lat' dir='ltr'>curavisse,</span> <span class='ocrx_word' id='word_1_92' title='bbox 1236 948 1330 989; x_wconf 78' lang='lat' dir='ltr'>quod</span> <span class='ocrx_word' id='word_1_93' title='bbox 1356 956 1499 988; x_wconf 82' lang='lat' dir='ltr'>semper</span> <span class='ocrx_word' id='word_1_94' title='bbox 1530 946 1568 978; x_wconf 81' lang='lat' dir='ltr'>in</span> <span class='ocrx_word' id='word_1_95' title='bbox 1601 945 1747 979; x_wconf 71' lang='lat' dir='ltr'>civitate</span> <span class='ocrx_word' id='word_1_96' title='bbox 1779 946 1988 988; x_wconf 78' lang='lat' dir='ltr'>tenendum,</span> <span class='ocrx_word' id='word_1_97' title='bbox 2023 954 2069 977; x_wconf 84' lang='lat' dir='ltr'>ne</span> <span class='ocrx_word' id='word_1_98' title='bbox 2100 946 2297 987; x_wconf 76' lang='lat' dir='ltr'>plurimum</span> <span class='ocrx_word' id='word_1_99' title='bbox 2334 947 2495 978; x_wconf 80' lang='lat' dir='ltr'>valerent</span> 
     </span>
     <span class='ocr_line' id='line_1_10' title="bbox 232 998 2496 1049; baseline 0 -13"><span class='ocrx_word' id='word_1_100' title='bbox 232 1003 391 1045; x_wconf 71' lang='lat' dir='ltr'>ydurimi.</span> <span class='ocrx_word' id='word_1_101' title='bbox 446 1004 519 1035; x_wconf 88' lang='lat' dir='ltr'>Cic.</span> <span class='ocrx_word' id='word_1_102' title='bbox 548 1005 590 1036; x_wconf 88' lang='lat' dir='ltr'>de</span> <span class='ocrx_word' id='word_1_103' title='bbox 615 1007 667 1037; x_wconf 80' lang='lat' dir='ltr'>Re</span> <span class='ocrx_word' id='word_1_104' title='bbox 694 1007 787 1044; x_wconf 89' lang='lat' dir='ltr'>publ.</span> <span class='ocrx_word' id='word_1_105' title='bbox 814 1007 860 1047; x_wconf 84' lang='lat'>11,</span> <span class='ocrx_word' id='word_1_106' title='bbox 886 1006 946 1038; x_wconf 78' lang='lat'>22.</span> <span class='ocrx_word' id='word_1_107' title='bbox 1015 1006 1146 1037; x_wconf 88' lang='lat' dir='ltr'>Contra</span> <span class='ocrx_word' id='word_1_108' title='bbox 1181 1008 1281 1049; x_wconf 90' lang='lat' dir='ltr'>regia</span> <span class='ocrx_word' id='word_1_109' title='bbox 1313 1010 1469 1046; x_wconf 88' lang='lat' dir='ltr'>potestas</span> <span class='ocrx_word' id='word_1_110' title='bbox 1502 1007 1680 1038; x_wconf 81' lang='lat' dir='ltr'>veteribus</span> <span class='ocrx_word' id='word_1_111' title='bbox 1714 1014 1735 1036; x_wconf 88' lang='lat' dir='ltr'>a</span> <span class='ocrx_word' id='word_1_112' title='bbox 1766 1005 1840 1037; x_wconf 91' lang='lat' dir='ltr'>Diis</span> <span class='ocrx_word' id='word_1_113' title='bbox 1871 1005 2028 1045; x_wconf 80' lang='lat' dir='ltr'>profecta</span> <span class='ocrx_word' id='word_1_114' title='bbox 2058 1005 2153 1037; x_wconf 83' lang='lat' dir='ltr'>visa:</span> <span class='ocrx_word' id='word_1_115' title='bbox 2195 1014 2275 1038; x_wconf 81' lang='lat' dir='ltr'>nam</span> <span class='ocrx_word' id='word_1_116' title='bbox 2308 998 2382 1037; x_wconf 78' lang='grc' dir='ltr'><em>δῖοι</em></span> <span class='ocrx_word' id='word_1_117' title='bbox 2414 1005 2496 1036; x_wconf 91' lang='lat' dir='ltr'>sunt</span> 
     </span>
     <span class='ocr_line' id='line_1_11' title="bbox 236 1057 2495 1108; baseline 0.001 -15"><span class='ocrx_word' id='word_1_118' title='bbox 236 1063 374 1094; x_wconf 81' lang='lat' dir='ltr'>Homeri</span> <span class='ocrx_word' id='word_1_119' title='bbox 410 1070 537 1104; x_wconf 86' lang='lat' dir='ltr'>reges,</span> <span class='ocrx_word' id='word_1_120' title='bbox 572 1057 759 1105; x_wconf 74' lang='grc' dir='ltr'><em>διογενεῖς,</em></span> <span class='ocrx_word' id='word_1_121' title='bbox 794 1058 1007 1108; x_wconf 73' lang='grc' dir='ltr'><em>διοτρεφεῖς,</em></span> <span class='ocrx_word' id='word_1_122' title='bbox 1041 1066 1104 1095; x_wconf 89' lang='lat' dir='ltr'>sed</span> <span class='ocrx_word' id='word_1_123' title='bbox 1139 1066 1338 1097; x_wconf 90' lang='lat' dir='ltr'>eorumdem</span> <span class='ocrx_word' id='word_1_124' title='bbox 1363 1065 1551 1097; x_wconf 80' lang='lat' dir='ltr'>auctoritas</span> <span class='ocrx_word' id='word_1_125' title='bbox 1576 1064 1679 1097; x_wconf 84' lang='lat' dir='ltr'>certis</span> <span class='ocrx_word' id='word_1_126' title='bbox 1702 1063 1868 1095; x_wconf 83' lang='lat' dir='ltr'>limitibus</span> <span class='ocrx_word' id='word_1_127' title='bbox 1897 1063 2220 1095; x_wconf 86' lang='lat' dir='ltr'>circumscribenda.</span> <span class='ocrx_word' id='word_1_128' title='bbox 2275 1063 2321 1094; x_wconf 80' lang='lat' dir='ltr'>V.</span> <span class='ocrx_word' id='word_1_129' title='bbox 2348 1063 2495 1095; x_wconf 82' lang='lat' dir='ltr'>Aristot.</span> 
     </span>
     <span class='ocr_line' id='line_1_12' title="bbox 233 1108 2495 1170; baseline -0.001 -17"><span class='ocrx_word' id='word_1_130' title='bbox 233 1121 364 1153; x_wconf 83' lang='lat' dir='ltr'>Politic.</span> <span class='ocrx_word' id='word_1_131' title='bbox 392 1120 453 1159; x_wconf 82' lang='grc' dir='ltr'>ΙΙΙ,</span> <span class='ocrx_word' id='word_1_132' title='bbox 490 1119 545 1162; x_wconf 80' lang='grc'>10,</span> <span class='ocrx_word' id='word_1_133' title='bbox 572 1119 589 1151; x_wconf 89' lang='grc'><strong>1</strong></span> <span class='ocrx_word' id='word_1_134' title='bbox 625 1118 691 1162; x_wconf 86' lang='grc' dir='ltr'>μία</span> <span class='ocrx_word' id='word_1_135' title='bbox 722 1120 785 1163; x_wconf 77' lang='grc' dir='ltr'>μὲν</span> <span class='ocrx_word' id='word_1_136' title='bbox 815 1115 1018 1163; x_wconf 60' lang='grc' dir='ltr'><em>(βασιλεία)</em></span> <span class='ocrx_word' id='word_1_137' title='bbox 1051 1115 1076 1159; x_wconf 71' lang='grc' dir='ltr'>ἡ</span> <span class='ocrx_word' id='word_1_138' title='bbox 1108 1122 1182 1167; x_wconf 80' lang='grc' dir='ltr'><em>περὶ</em></span> <span class='ocrx_word' id='word_1_139' title='bbox 1216 1116 1303 1162; x_wconf 72' lang='grc' dir='ltr'><em>τούς</em></span> <span class='ocrx_word' id='word_1_140' title='bbox 1335 1116 1507 1170; x_wconf 59' lang='grc' dir='ltr'><em>’ἦρωικούς</em></span> <span class='ocrx_word' id='word_1_141' title='bbox 1538 1115 1704 1170; x_wconf 83' lang='grc' dir='ltr'><em>χρόνους·</em></span> <span class='ocrx_word' id='word_1_142' title='bbox 1733 1113 1829 1160; x_wconf 80' lang='grc' dir='ltr'><strong><em>αὕτη</em></strong></span> <span class='ocrx_word' id='word_1_143' title='bbox 1851 1115 1885 1153; x_wconf 80' lang='grc' dir='ltr'>δ’</span> <span class='ocrx_word' id='word_1_144' title='bbox 1909 1108 1956 1160; x_wconf 76' lang='grc' dir='ltr'>ἦν</span> <span class='ocrx_word' id='word_1_145' title='bbox 1982 1113 2135 1154; x_wconf 78' lang='grc' dir='ltr'><em>ἑκόντων</em></span> <span class='ocrx_word' id='word_1_146' title='bbox 2161 1120 2245 1164; x_wconf 82' lang='grc' dir='ltr'><em>μὲν,</em></span> <span class='ocrx_word' id='word_1_147' title='bbox 2283 1116 2340 1153; x_wconf 66' lang='grc' dir='ltr'>ἐπὶ</span> <span class='ocrx_word' id='word_1_148' title='bbox 2360 1129 2430 1152; x_wconf 83' lang='grc' dir='ltr'><em>τισι</em></span> <span class='ocrx_word' id='word_1_149' title='bbox 2455 1115 2495 1152; x_wconf 78' lang='grc' dir='ltr'>δὲ</span> 
     </span>
     <span class='ocr_line' id='line_1_13' title="bbox 235 1172 2495 1225; baseline -0.001 -14"><span class='ocrx_word' id='word_1_150' title='bbox 235 1173 451 1225; x_wconf 77' lang='grc' dir='ltr'><em>ὡρισμένοις,</em></span> <span class='ocrx_word' id='word_1_151' title='bbox 493 1181 528 1210; x_wconf 89' lang='lat' dir='ltr'>et</span> <span class='ocrx_word' id='word_1_152' title='bbox 554 1179 612 1218; x_wconf 87' lang='lat' dir='ltr'>qui</span> <span class='ocrx_word' id='word_1_153' title='bbox 639 1179 750 1210; x_wconf 91' lang='lat' dir='ltr'>simile</span> <span class='ocrx_word' id='word_1_154' title='bbox 769 1180 857 1218; x_wconf 67' lang='lat' dir='ltr'>quid</span> <span class='ocrx_word' id='word_1_155' title='bbox 889 1180 932 1211; x_wconf 88' lang='lat' dir='ltr'>de</span> <span class='ocrx_word' id='word_1_156' title='bbox 957 1180 1305 1212; x_wconf 76' lang='lat' dir='ltr'>Lacedaemoniorum</span> <span class='ocrx_word' id='word_1_157' title='bbox 1331 1182 1475 1222; x_wconf 84' lang='lat' dir='ltr'>regibus</span> <span class='ocrx_word' id='word_1_158' title='bbox 1510 1184 1627 1213; x_wconf 83' lang='lat' dir='ltr'>narrat</span> <span class='ocrx_word' id='word_1_159' title='bbox 1654 1180 1801 1221; x_wconf 82' lang='lat' dir='ltr'>Dionys.</span> <span class='ocrx_word' id='word_1_160' title='bbox 1828 1180 1937 1210; x_wconf 78' lang='lat' dir='ltr'>Halic-</span> <span class='ocrx_word' id='word_1_161' title='bbox 1960 1179 2004 1217; x_wconf 91' lang='lat' dir='ltr'>V,</span> <span class='ocrx_word' id='word_1_162' title='bbox 2037 1179 2083 1211; x_wconf 75' lang='lat'>&#39;74</span> <span class='ocrx_word' id='word_1_163' title='bbox 2123 1179 2187 1210; x_wconf 75' lang='grc' dir='ltr'>καὶ</span> <span class='ocrx_word' id='word_1_164' title='bbox 2220 1176 2325 1224; x_wconf 83' lang='grc' dir='ltr'><em>μέχρι</em></span> <span class='ocrx_word' id='word_1_165' title='bbox 2357 1172 2495 1210; x_wconf 81' lang='grc' dir='ltr'><em>πολλοῦ</em></span> 
     </span>
     <span class='ocr_line' id='line_1_14' title="bbox 232 1231 2495 1284; baseline -0 -16"><span class='ocrx_word' id='word_1_166' title='bbox 232 1232 411 1279; x_wconf 76' lang='grc' dir='ltr'><em>διέμειναν</em></span> <span class='ocrx_word' id='word_1_167' title='bbox 446 1234 500 1268; x_wconf 77' lang='grc' dir='ltr'>ἐπὶ</span> <span class='ocrx_word' id='word_1_168' title='bbox 528 1234 646 1283; x_wconf 77' lang='grc' dir='ltr'><em>ρἠτοῖς</em></span> <span class='ocrx_word' id='word_1_169' title='bbox 670 1246 761 1268; x_wconf 83' lang='grc' dir='ltr'><em>τισιν</em></span> <span class='ocrx_word' id='word_1_170' title='bbox 786 1234 824 1268; x_wconf 83' lang='grc' dir='ltr'>αἱ</span> <span class='ocrx_word' id='word_1_171' title='bbox 848 1231 1028 1278; x_wconf 68' lang='grc' dir='ltr'><em>βασιλεῖαι</em></span> <span class='ocrx_word' id='word_1_172' title='bbox 1060 1232 1329 1281; x_wconf 73' lang='grc' dir='ltr'><em>διοικούμεναι,</em></span> <span class='ocrx_word' id='word_1_173' title='bbox 1359 1232 1467 1284; x_wconf 73' lang='grc' dir='ltr'><em>ὥςπερ</em></span> <span class='ocrx_word' id='word_1_174' title='bbox 1487 1232 1510 1276; x_wconf 74' lang='grc' dir='ltr'><em>ἦ</em></span> <span class='ocrx_word' id='word_1_175' title='bbox 1534 1233 1843 1280; x_wconf 82' lang='grc' dir='ltr'><em>Λακεδαιμονίων.</em></span> <span class='ocrx_word' id='word_1_176' title='bbox 1890 1237 1962 1269; x_wconf 83' lang='lat' dir='ltr'>Sed</span> <span class='ocrx_word' id='word_1_177' title='bbox 1988 1240 2118 1269; x_wconf 82' lang='lat' dir='ltr'>tantum</span> <span class='ocrx_word' id='word_1_178' title='bbox 2144 1238 2290 1278; x_wconf 85' lang='lat' dir='ltr'>aberat,</span> <span class='ocrx_word' id='word_1_179' title='bbox 2318 1237 2359 1268; x_wconf 87' lang='lat' dir='ltr'>ut</span> <span class='ocrx_word' id='word_1_180' title='bbox 2391 1246 2495 1278; x_wconf 89' lang='lat' dir='ltr'>reges</span> 
     </span>
     <span class='ocr_line' id='line_1_15' title="bbox 236 1295 2494 1338; baseline -0 -11"><span class='ocrx_word' id='word_1_181' title='bbox 236 1295 401 1335; x_wconf 83' lang='lat' dir='ltr'>quidquid</span> <span class='ocrx_word' id='word_1_182' title='bbox 428 1295 563 1326; x_wconf 89' lang='lat' dir='ltr'>animus</span> <span class='ocrx_word' id='word_1_183' title='bbox 591 1295 700 1327; x_wconf 78' lang='lat' dir='ltr'>ferret</span> <span class='ocrx_word' id='word_1_184' title='bbox 725 1305 788 1326; x_wconf 88' lang='lat' dir='ltr'>sua</span> <span class='ocrx_word' id='word_1_185' title='bbox 812 1295 954 1327; x_wconf 79' lang='lat' dir='ltr'>libidine</span> <span class='ocrx_word' id='word_1_186' title='bbox 981 1299 1015 1327; x_wconf 87' lang='lat' dir='ltr'>et</span> <span class='ocrx_word' id='word_1_187' title='bbox 1042 1296 1185 1327; x_wconf 87' lang='lat' dir='ltr'>arbitrio</span> <span class='ocrx_word' id='word_1_188' title='bbox 1211 1306 1335 1338; x_wconf 88' lang='lat' dir='ltr'>gerere</span> <span class='ocrx_word' id='word_1_189' title='bbox 1360 1306 1462 1337; x_wconf 90' lang='lat' dir='ltr'>posse</span> <span class='ocrx_word' id='word_1_190' title='bbox 1488 1296 1774 1336; x_wconf 69' lang='lat' dir='ltr'>existimarentur,</span> <span class='ocrx_word' id='word_1_191' title='bbox 1800 1299 1838 1328; x_wconf 90' lang='lat' dir='ltr'>ut</span> <span class='ocrx_word' id='word_1_192' title='bbox 1857 1305 1877 1327; x_wconf 89' lang='lat' dir='ltr'>a</span> <span class='ocrx_word' id='word_1_193' title='bbox 1893 1296 2017 1327; x_wconf 75' lang='lat' dir='ltr'>divina</span> <span class='ocrx_word' id='word_1_194' title='bbox 2040 1304 2105 1327; x_wconf 88' lang='lat' dir='ltr'>sua</span> <span class='ocrx_word' id='word_1_195' title='bbox 2123 1295 2259 1337; x_wconf 84' lang='lat' dir='ltr'>origine</span> <span class='ocrx_word' id='word_1_196' title='bbox 2273 1295 2494 1337; x_wconf 75' lang='lat' dir='ltr'>degenerare</span> 
     </span>
     <span class='ocr_line' id='line_1_16' title="bbox 238 1353 2495 1394; baseline 0 -10"><span class='ocrx_word' id='word_1_197' title='bbox 238 1355 449 1394; x_wconf 82' lang='lat' dir='ltr'>dicerentur,</span> <span class='ocrx_word' id='word_1_198' title='bbox 487 1354 517 1384; x_wconf 89' lang='lat' dir='ltr'>si</span> <span class='ocrx_word' id='word_1_199' title='bbox 541 1353 623 1393; x_wconf 89' lang='lat' dir='ltr'>quid</span> <span class='ocrx_word' id='word_1_200' title='bbox 651 1354 825 1384; x_wconf 84' lang='lat' dir='ltr'>crudelius</span> <span class='ocrx_word' id='word_1_201' title='bbox 859 1353 919 1385; x_wconf 91' lang='lat' dir='ltr'>vel</span> <span class='ocrx_word' id='word_1_202' title='bbox 945 1354 1128 1393; x_wconf 87' lang='lat' dir='ltr'>superbius</span> <span class='ocrx_word' id='word_1_203' title='bbox 1160 1354 1329 1385; x_wconf 86' lang='lat' dir='ltr'>facerent.</span> <span class='ocrx_word' id='word_1_204' title='bbox 1391 1355 1488 1386; x_wconf 75' lang='lat' dir='ltr'>Mala</span> <span class='ocrx_word' id='word_1_205' title='bbox 1519 1353 1614 1385; x_wconf 80' lang='lat' dir='ltr'>sama</span> <span class='ocrx_word' id='word_1_206' title='bbox 1645 1354 1736 1385; x_wconf 87' lang='lat' dir='ltr'>enim</span> <span class='ocrx_word' id='word_1_207' title='bbox 1769 1355 1810 1384; x_wconf 85' lang='lat' dir='ltr'>ab</span> <span class='ocrx_word' id='word_1_208' title='bbox 1836 1353 1966 1393; x_wconf 86' lang='lat' dir='ltr'>optimo</span> <span class='ocrx_word' id='word_1_209' title='bbox 1991 1363 2126 1393; x_wconf 85' lang='lat' dir='ltr'>quoque</span> <span class='ocrx_word' id='word_1_210' title='bbox 2159 1353 2312 1393; x_wconf 84' lang='lat' dir='ltr'>principe</span> <span class='ocrx_word' id='word_1_211' title='bbox 2347 1353 2495 1384; x_wconf 82' lang='lat' dir='ltr'>maxime</span> 
     </span>
     <span class='ocr_line' id='line_1_17' title="bbox 237 1410 2494 1454; baseline -0.001 -10"><span class='ocrx_word' id='word_1_212' title='bbox 237 1413 537 1452; x_wconf 83' lang='lat' dir='ltr'>extimescebatur,</span> <span class='ocrx_word' id='word_1_213' title='bbox 563 1411 726 1451; x_wconf 87' lang='lat' dir='ltr'>superbia</span> <span class='ocrx_word' id='word_1_214' title='bbox 760 1414 874 1443; x_wconf 88' lang='lat' dir='ltr'>autem</span> <span class='ocrx_word' id='word_1_215' title='bbox 908 1411 1055 1450; x_wconf 87' lang='lat' dir='ltr'>alioquin</span> <span class='ocrx_word' id='word_1_216' title='bbox 1093 1411 1221 1451; x_wconf 88' lang='lat' dir='ltr'>optimo</span> <span class='ocrx_word' id='word_1_217' title='bbox 1251 1412 1433 1452; x_wconf 87' lang='lat' dir='ltr'>opprobrio</span> <span class='ocrx_word' id='word_1_218' title='bbox 1461 1411 1664 1443; x_wconf 85' lang='lat' dir='ltr'>habebatur.</span> <span class='ocrx_word' id='word_1_219' title='bbox 1722 1411 1938 1452; x_wconf 71' lang='lat' dir='ltr'>Quapropter</span> <span class='ocrx_word' id='word_1_220' title='bbox 1968 1410 2090 1443; x_wconf 87' lang='lat' dir='ltr'>Cicero</span> <span class='ocrx_word' id='word_1_221' title='bbox 2126 1419 2186 1451; x_wconf 90' lang='lat' dir='ltr'>pro</span> <span class='ocrx_word' id='word_1_222' title='bbox 2218 1411 2340 1454; x_wconf 70' lang='lat' dir='ltr'>Ligu,</span> <span class='ocrx_word' id='word_1_223' title='bbox 2366 1410 2423 1453; x_wconf 79' lang='lat'>14,</span> <span class='ocrx_word' id='word_1_224' title='bbox 2450 1411 2494 1442; x_wconf 90' lang='grc'>10</span> 
     </span>
     <span class='ocr_line' id='line_1_18' title="bbox 234 1466 2494 1515; baseline 0 -14"><span class='ocrx_word' id='word_1_225' title='bbox 234 1471 378 1515; x_wconf 80' lang='lat' dir='ltr'>egregie</span> <span class='ocrx_word' id='word_1_226' title='bbox 400 1468 540 1510; x_wconf 74' lang='lat' dir='ltr'>reyium</span> <span class='ocrx_word' id='word_1_227' title='bbox 564 1477 688 1500; x_wconf 80' lang='lat' dir='ltr'>nomen</span> <span class='ocrx_word' id='word_1_228' title='bbox 699 1477 842 1509; x_wconf 82' lang='lat' dir='ltr'>semper</span> <span class='ocrx_word' id='word_1_229' title='bbox 864 1467 902 1501; x_wconf 80' lang='lat' dir='ltr'>in</span> <span class='ocrx_word' id='word_1_230' title='bbox 920 1468 1066 1501; x_wconf 78' lang='lat' dir='ltr'>civitate</span> <span class='ocrx_word' id='word_1_231' title='bbox 1081 1472 1247 1501; x_wconf 83' lang='lat' dir='ltr'>sanctum</span> <span class='ocrx_word' id='word_1_232' title='bbox 1269 1468 1386 1512; x_wconf 65' lang='lat' dir='ltr'>fuisse</span> <span class='ocrx_word' id='word_1_233' title='bbox 1401 1469 1497 1511; x_wconf 88' lang='lat' dir='ltr'>dicit,</span> <span class='ocrx_word' id='word_1_234' title='bbox 1520 1466 1701 1502; x_wconf 78' lang='lat' dir='ltr'>sociorum</span> <span class='ocrx_word' id='word_1_235' title='bbox 1715 1477 1801 1501; x_wconf 82' lang='lat' dir='ltr'>vero</span> <span class='ocrx_word' id='word_1_236' title='bbox 1815 1476 1941 1510; x_wconf 63' lang='lat' dir='ltr'>regum</span> <span class='ocrx_word' id='word_1_237' title='bbox 1956 1471 1992 1501; x_wconf 80' lang='lat' dir='ltr'>et</span> <span class='ocrx_word' id='word_1_238' title='bbox 2006 1468 2205 1501; x_wconf 70' lang='lat' dir='ltr'>anticorum</span> <span class='ocrx_word' id='word_1_239' title='bbox 2218 1467 2494 1502; x_wconf 77' lang='lat' dir='ltr'>sanctissimum.</span> 
     </span>
     <span class='ocr_line' id='line_1_19' title="bbox 235 1527 2493 1569; baseline -0 -10"><span class='ocrx_word' id='word_1_240' title='bbox 235 1529 291 1559; x_wconf 85' lang='lat' dir='ltr'>De</span> <span class='ocrx_word' id='word_1_241' title='bbox 306 1529 437 1567; x_wconf 86' lang='lat' dir='ltr'>pietate</span> <span class='ocrx_word' id='word_1_242' title='bbox 454 1537 494 1558; x_wconf 84' lang='lat' dir='ltr'>ac</span> <span class='ocrx_word' id='word_1_243' title='bbox 510 1528 724 1558; x_wconf 87' lang='lat' dir='ltr'>verecundia</span> <span class='ocrx_word' id='word_1_244' title='bbox 741 1528 863 1569; x_wconf 87' lang='lat' dir='ltr'>regiae</span> <span class='ocrx_word' id='word_1_245' title='bbox 891 1529 1065 1559; x_wconf 84' lang='lat' dir='ltr'>maiestati</span> <span class='ocrx_word' id='word_1_246' title='bbox 1089 1529 1123 1558; x_wconf 88' lang='lat' dir='ltr'>in</span> <span class='ocrx_word' id='word_1_247' title='bbox 1150 1530 1281 1567; x_wconf 87' lang='lat' dir='ltr'>optima</span> <span class='ocrx_word' id='word_1_248' title='bbox 1299 1538 1432 1567; x_wconf 83' lang='lat' dir='ltr'>quaque</span> <span class='ocrx_word' id='word_1_249' title='bbox 1456 1537 1496 1559; x_wconf 91' lang='lat' dir='ltr'>re</span> <span class='ocrx_word' id='word_1_250' title='bbox 1521 1529 1662 1567; x_wconf 79' lang='lat' dir='ltr'>publica</span> <span class='ocrx_word' id='word_1_251' title='bbox 1683 1528 1830 1559; x_wconf 82' lang='lat' dir='ltr'>maxime</span> <span class='ocrx_word' id='word_1_252' title='bbox 1851 1528 1968 1558; x_wconf 85' lang='lat' dir='ltr'>debita</span> <span class='ocrx_word' id='word_1_253' title='bbox 1990 1535 2099 1558; x_wconf 86' lang='lat' dir='ltr'>aurea</span> <span class='ocrx_word' id='word_1_254' title='bbox 2120 1530 2202 1558; x_wconf 84' lang='lat' dir='ltr'>sunt</span> <span class='ocrx_word' id='word_1_255' title='bbox 2218 1527 2493 1569; x_wconf 80' lang='lat' dir='ltr'>Briiggemanni,</span> 
     </span>
     <span class='ocr_line' id='line_1_20' title="bbox 238 1582 2494 1627; baseline -0 -9"><span class='ocrx_word' id='word_1_256' title='bbox 238 1587 423 1618; x_wconf 71' lang='lat' dir='ltr'>clarissimi</span> <span class='ocrx_word' id='word_1_257' title='bbox 450 1587 530 1620; x_wconf 75' lang='lat' dir='ltr'>viri,</span> <span class='ocrx_word' id='word_1_258' title='bbox 555 1587 590 1617; x_wconf 91' lang='lat' dir='ltr'>in</span> <span class='ocrx_word' id='word_1_259' title='bbox 616 1596 748 1618; x_wconf 88' lang='lat' dir='ltr'>summo</span> <span class='ocrx_word' id='word_1_260' title='bbox 772 1587 999 1618; x_wconf 89' lang='lat' dir='ltr'>Borussorum</span> <span class='ocrx_word' id='word_1_261' title='bbox 1024 1590 1147 1618; x_wconf 89' lang='lat' dir='ltr'>senatu</span> <span class='ocrx_word' id='word_1_262' title='bbox 1177 1587 1240 1619; x_wconf 90' lang='lat' dir='ltr'>hoc</span> <span class='ocrx_word' id='word_1_263' title='bbox 1264 1587 1339 1626; x_wconf 87' lang='lat' dir='ltr'>ipso</span> <span class='ocrx_word' id='word_1_264' title='bbox 1364 1596 1452 1619; x_wconf 90' lang='lat' dir='ltr'>anno</span> <span class='ocrx_word' id='word_1_265' title='bbox 1479 1586 1707 1626; x_wconf 70' lang='lat' dir='ltr'>pronunciata</span> <span class='ocrx_word' id='word_1_266' title='bbox 1731 1587 1768 1618; x_wconf 88' lang='lat' dir='ltr'>et</span> <span class='ocrx_word' id='word_1_267' title='bbox 1792 1584 1827 1618; x_wconf 83' lang='lat' dir='ltr'>in</span> <span class='ocrx_word' id='word_1_268' title='bbox 1853 1585 2053 1627; x_wconf 85' lang='lat' dir='ltr'>Dieringeri</span> <span class='ocrx_word' id='word_1_269' title='bbox 2078 1585 2307 1619; x_wconf 82' lang='lat' dir='ltr'>Katbolische</span> <span class='ocrx_word' id='word_1_270' title='bbox 2334 1582 2494 1617; x_wconf 86' lang='lat' dir='ltr'>Viertel-</span> 
     </span>
     <span class='ocr_line' id='line_1_21' title="bbox 233 1642 2281 1688; baseline 0 -11"><span class='ocrx_word' id='word_1_271' title='bbox 233 1644 462 1684; x_wconf 76' lang='lat' dir='ltr'>jahrsschrirt</span> <span class='ocrx_word' id='word_1_272' title='bbox 489 1642 547 1676; x_wconf 75' lang='lat' dir='ltr'>rur</span> <span class='ocrx_word' id='word_1_273' title='bbox 571 1644 835 1677; x_wconf 57' lang='lat' dir='ltr'>RVisseuschat’t</span> <span class='ocrx_word' id='word_1_274' title='bbox 859 1655 892 1675; x_wconf 84' lang='lat' dir='ltr'>u.</span> <span class='ocrx_word' id='word_1_275' title='bbox 923 1645 1046 1677; x_wconf 86' lang='lat' dir='ltr'>Kuust.</span> <span class='ocrx_word' id='word_1_276' title='bbox 1098 1645 1198 1677; x_wconf 88' lang='lat' dir='ltr'>Neue</span> <span class='ocrx_word' id='word_1_277' title='bbox 1222 1646 1343 1688; x_wconf 88' lang='lat' dir='ltr'>Folge.</span> <span class='ocrx_word' id='word_1_278' title='bbox 1393 1643 1517 1688; x_wconf 84' lang='lat' dir='ltr'>Jahrg.</span> <span class='ocrx_word' id='word_1_279' title='bbox 1543 1646 1607 1677; x_wconf 86' lang='lat'>111.</span> <span class='ocrx_word' id='word_1_280' title='bbox 1656 1644 1741 1676; x_wconf 79' lang='lat' dir='ltr'>Hert</span> <span class='ocrx_word' id='word_1_281' title='bbox 1771 1643 1804 1675; x_wconf 90' lang='lat'>1.</span> <span class='ocrx_word' id='word_1_282' title='bbox 1832 1653 1864 1685; x_wconf 87' lang='lat' dir='ltr'>p.</span> <span class='ocrx_word' id='word_1_283' title='bbox 1891 1642 1960 1677; x_wconf 81' lang='lat'>147</span> <span class='ocrx_word' id='word_1_284' title='bbox 1983 1644 2096 1676; x_wconf 77' lang='lat' dir='ltr'>lIteris</span> <span class='ocrx_word' id='word_1_285' title='bbox 2120 1645 2281 1685; x_wconf 87' lang='lat' dir='ltr'>repetita.</span> 
     </span>
    </p>
   </div>
   <div class='ocr_carea' id='block_1_4' title="bbox 172 1743 2496 3355">
    <p class='ocr_par' dir='ltr' id='par_1_4' title="bbox 172 1743 2496 3355">
     <span class='ocr_line' id='line_1_22' title="bbox 172 1743 2494 1788; baseline 0.001 -12"><span class='ocrx_word' id='word_1_286' title='bbox 172 1745 209 1787; x_wconf 79' lang='lat'>²)</span> <span class='ocrx_word' id='word_1_287' title='bbox 240 1744 457 1786; x_wconf 78' lang='lat' dir='ltr'>Quamquam</span> <span class='ocrx_word' id='word_1_288' title='bbox 483 1748 525 1776; x_wconf 86' lang='lat' dir='ltr'>ab</span> <span class='ocrx_word' id='word_1_289' title='bbox 550 1746 640 1777; x_wconf 87' lang='lat' dir='ltr'>omni</span> <span class='ocrx_word' id='word_1_290' title='bbox 666 1746 877 1785; x_wconf 90' lang='lat' dir='ltr'>publicorum</span> <span class='ocrx_word' id='word_1_291' title='bbox 904 1747 1121 1788; x_wconf 84' lang='lat' dir='ltr'>negotiorum</span> <span class='ocrx_word' id='word_1_292' title='bbox 1147 1744 1358 1778; x_wconf 76' lang='lat' dir='ltr'>tractatione</span> <span class='ocrx_word' id='word_1_293' title='bbox 1382 1746 1543 1778; x_wconf 88' lang='lat' dir='ltr'>recedere</span> <span class='ocrx_word' id='word_1_294' title='bbox 1569 1749 1604 1777; x_wconf 89' lang='lat' dir='ltr'>et</span> <span class='ocrx_word' id='word_1_295' title='bbox 1629 1743 1664 1777; x_wconf 89' lang='lat' dir='ltr'>in</span> <span class='ocrx_word' id='word_1_296' title='bbox 1693 1745 1783 1785; x_wconf 81' lang='lat' dir='ltr'>turpi</span> <span class='ocrx_word' id='word_1_297' title='bbox 1819 1745 1887 1778; x_wconf 89' lang='lat' dir='ltr'>otio</span> <span class='ocrx_word' id='word_1_298' title='bbox 1921 1753 2170 1778; x_wconf 88' lang='lat' dir='ltr'>consenescere</span> <span class='ocrx_word' id='word_1_299' title='bbox 2202 1745 2262 1777; x_wconf 83' lang='lat' dir='ltr'>vix</span> <span class='ocrx_word' id='word_1_300' title='bbox 2296 1747 2383 1777; x_wconf 89' lang='lat' dir='ltr'>bono</span> <span class='ocrx_word' id='word_1_301' title='bbox 2416 1746 2494 1778; x_wconf 82' lang='lat' dir='ltr'>cive</span> 
     </span>
     <span class='ocr_line' id='line_1_23' title="bbox 238 1800 2494 1846; baseline 0 -12"><span class='ocrx_word' id='word_1_302' title='bbox 238 1807 273 1835; x_wconf 87' lang='lat' dir='ltr'>et</span> <span class='ocrx_word' id='word_1_303' title='bbox 292 1803 497 1835; x_wconf 87' lang='lat' dir='ltr'>liberalioris</span> <span class='ocrx_word' id='word_1_304' title='bbox 519 1803 651 1845; x_wconf 80' lang='lat' dir='ltr'>ingenii</span> <span class='ocrx_word' id='word_1_305' title='bbox 670 1803 743 1835; x_wconf 85' lang='lat' dir='ltr'>viro</span> <span class='ocrx_word' id='word_1_306' title='bbox 760 1804 902 1846; x_wconf 84' lang='lat' dir='ltr'>dignum</span> <span class='ocrx_word' id='word_1_307' title='bbox 927 1811 1007 1836; x_wconf 89' lang='lat' dir='ltr'>esse</span> <span class='ocrx_word' id='word_1_308' title='bbox 1031 1803 1179 1836; x_wconf 80' lang='lat' dir='ltr'>videtur.</span> <span class='ocrx_word' id='word_1_309' title='bbox 1216 1804 1434 1836; x_wconf 87' lang='lat' dir='ltr'>Aristoteles</span> <span class='ocrx_word' id='word_1_310' title='bbox 1463 1803 1597 1843; x_wconf 89' lang='lat' dir='ltr'>quidem</span> <span class='ocrx_word' id='word_1_311' title='bbox 1618 1803 1702 1835; x_wconf 86' lang='lat' dir='ltr'>licet</span> <span class='ocrx_word' id='word_1_312' title='bbox 1725 1803 1965 1842; x_wconf 87' lang='lat' dir='ltr'>quaestionem</span> <span class='ocrx_word' id='word_1_313' title='bbox 1989 1803 2123 1835; x_wconf 84' lang='lat' dir='ltr'>Politic.</span> <span class='ocrx_word' id='word_1_314' title='bbox 2141 1800 2221 1841; x_wconf 81' lang='lat' dir='ltr'>vn,</span> <span class='ocrx_word' id='word_1_315' title='bbox 2239 1802 2262 1833; x_wconf 79' lang='lat'>2</span> <span class='ocrx_word' id='word_1_316' title='bbox 2287 1803 2494 1843; x_wconf 83' lang='lat' dir='ltr'>propositam</span> 
     </span>
     <span class='ocr_line' id='line_1_24' title="bbox 235 1854 2490 1907; baseline -0 -14"><span class='ocrx_word' id='word_1_317' title='bbox 235 1855 378 1902; x_wconf 74' lang='grc' dir='ltr'><em>πότερος</em></span> <span class='ocrx_word' id='word_1_318' title='bbox 412 1854 630 1907; x_wconf 75' lang='grc' dir='ltr'><em>αἱρετώτερος</em></span> <span class='ocrx_word' id='word_1_319' title='bbox 663 1856 758 1903; x_wconf 82' lang='grc' dir='ltr'><em>βίος,</em></span> <span class='ocrx_word' id='word_1_320' title='bbox 800 1855 822 1893; x_wconf 88' lang='grc' dir='ltr'>ὀ</span> <span class='ocrx_word' id='word_1_321' title='bbox 858 1855 922 1894; x_wconf 81' lang='grc' dir='ltr'>διά</span> <span class='ocrx_word' id='word_1_322' title='bbox 960 1863 1025 1894; x_wconf 82' lang='grc' dir='ltr'>τοῦ</span> <span class='ocrx_word' id='word_1_323' title='bbox 1058 1855 1383 1905; x_wconf 64' lang='grc' dir='ltr'><em>συμπολιτεύεσθαι</em></span> <span class='ocrx_word' id='word_1_324' title='bbox 1405 1859 1469 1891; x_wconf 76' lang='grc' dir='ltr'>καὶ</span> <span class='ocrx_word' id='word_1_325' title='bbox 1490 1862 1670 1892; x_wconf 76' lang='grc' dir='ltr'><em>κοινωνεῖν</em></span> <span class='ocrx_word' id='word_1_326' title='bbox 1702 1854 1854 1902; x_wconf 82' lang='grc' dir='ltr'><em>πόλεως,</em></span> <span class='ocrx_word' id='word_1_327' title='bbox 1896 1854 1920 1898; x_wconf 79' lang='grc' dir='ltr'><em>ἣ</em></span> <span class='ocrx_word' id='word_1_328' title='bbox 1953 1855 2091 1903; x_wconf 56' lang='lat' dir='ltr'>pamm,</span> <span class='ocrx_word' id='word_1_329' title='bbox 2122 1854 2144 1891; x_wconf 88' lang='grc' dir='ltr'>ὀ</span> <span class='ocrx_word' id='word_1_330' title='bbox 2173 1854 2306 1904; x_wconf 77' lang='grc' dir='ltr'><em>ξενικὸς</em></span> <span class='ocrx_word' id='word_1_331' title='bbox 2337 1860 2399 1891; x_wconf 80' lang='grc' dir='ltr'>καὶ</span> <span class='ocrx_word' id='word_1_332' title='bbox 2430 1861 2490 1899; x_wconf 78' lang='grc' dir='ltr'>τῆς</span> 
     </span>
     <span class='ocr_line' id='line_1_25' title="bbox 233 1911 2490 1960; baseline 0 -11"><span class='ocrx_word' id='word_1_333' title='bbox 233 1913 410 1956; x_wconf 80' lang='grc' dir='ltr'><em>πολιτείας</em></span> <span class='ocrx_word' id='word_1_334' title='bbox 436 1911 698 1960; x_wconf 73' lang='grc' dir='ltr'><em>ἀπολελυμένος</em></span> <span class='ocrx_word' id='word_1_335' title='bbox 723 1927 790 1950; x_wconf 89' lang='lat' dir='ltr'>non</span> <span class='ocrx_word' id='word_1_336' title='bbox 815 1921 931 1950; x_wconf 83' lang='lat' dir='ltr'>solvat</span> <span class='ocrx_word' id='word_1_337' title='bbox 955 1930 1018 1951; x_wconf 89' lang='lat' dir='ltr'>nec</span> <span class='ocrx_word' id='word_1_338' title='bbox 1043 1922 1156 1951; x_wconf 90' lang='lat' dir='ltr'>utrum</span> <span class='ocrx_word' id='word_1_339' title='bbox 1180 1921 1273 1950; x_wconf 85' lang='lat' dir='ltr'>vitae</span> <span class='ocrx_word' id='word_1_340' title='bbox 1298 1927 1413 1960; x_wconf 89' lang='lat' dir='ltr'>genus</span> <span class='ocrx_word' id='word_1_341' title='bbox 1439 1919 1679 1957; x_wconf 84' lang='lat' dir='ltr'>praestabilius</span> <span class='ocrx_word' id='word_1_342' title='bbox 1700 1919 1746 1949; x_wconf 87' lang='lat' dir='ltr'>sit</span> <span class='ocrx_word' id='word_1_343' title='bbox 1767 1922 1928 1950; x_wconf 84' lang='lat' dir='ltr'>accurate</span> <span class='ocrx_word' id='word_1_344' title='bbox 1954 1919 2115 1957; x_wconf 82' lang='lat' dir='ltr'>definiat,</span> <span class='ocrx_word' id='word_1_345' title='bbox 2142 1917 2221 1950; x_wconf 85' lang='lat' dir='ltr'>aliis</span> <span class='ocrx_word' id='word_1_346' title='bbox 2258 1923 2378 1950; x_wconf 83' lang='lat' dir='ltr'>tamen</span> <span class='ocrx_word' id='word_1_347' title='bbox 2403 1918 2490 1950; x_wconf 84' lang='lat' dir='ltr'>locis</span> 
     </span>
     <span class='ocr_line' id='line_1_26' title="bbox 239 1975 2494 2017; baseline -0 -9"><span class='ocrx_word' id='word_1_348' title='bbox 239 1976 395 2017; x_wconf 88' lang='lat' dir='ltr'>plurimis</span> <span class='ocrx_word' id='word_1_349' title='bbox 426 1976 509 2008; x_wconf 88' lang='lat' dir='ltr'>boui</span> <span class='ocrx_word' id='word_1_350' title='bbox 543 1984 585 2007; x_wconf 89' lang='lat' dir='ltr'>ac</span> <span class='ocrx_word' id='word_1_351' title='bbox 610 1975 780 2017; x_wconf 78' lang='lat' dir='ltr'>sapientis</span> <span class='ocrx_word' id='word_1_352' title='bbox 812 1975 878 2009; x_wconf 79' lang='lat' dir='ltr'>viri</span> <span class='ocrx_word' id='word_1_353' title='bbox 910 1988 988 2010; x_wconf 90' lang='lat' dir='ltr'>esse</span> <span class='ocrx_word' id='word_1_354' title='bbox 1021 1978 1178 2010; x_wconf 85' lang='lat' dir='ltr'>declarat</span> <span class='ocrx_word' id='word_1_355' title='bbox 1209 1981 1372 2017; x_wconf 86' lang='lat' dir='ltr'>quantum</span> <span class='ocrx_word' id='word_1_356' title='bbox 1406 1977 1518 2017; x_wconf 84' lang='lat' dir='ltr'>possit</span> <span class='ocrx_word' id='word_1_357' title='bbox 1544 1977 1680 2008; x_wconf 82' lang='lat' dir='ltr'>servire</span> <span class='ocrx_word' id='word_1_358' title='bbox 1713 1975 1766 2008; x_wconf 90' lang='lat' dir='ltr'>rei</span> <span class='ocrx_word' id='word_1_359' title='bbox 1800 1975 1961 2016; x_wconf 84' lang='lat' dir='ltr'>publicae</span> <span class='ocrx_word' id='word_1_360' title='bbox 1988 1983 2134 2016; x_wconf 84' lang='lat' dir='ltr'>eamque</span> <span class='ocrx_word' id='word_1_361' title='bbox 2166 1976 2378 2009; x_wconf 86' lang='lat' dir='ltr'>omnimodo</span> <span class='ocrx_word' id='word_1_362' title='bbox 2406 1975 2494 2007; x_wconf 85' lang='lat' dir='ltr'>tueri</span> 
     </span>
     <span class='ocr_line' id='line_1_27' title="bbox 238 2034 2494 2076; baseline -0 -11"><span class='ocrx_word' id='word_1_363' title='bbox 238 2037 340 2074; x_wconf 86' lang='lat' dir='ltr'>atque</span> <span class='ocrx_word' id='word_1_364' title='bbox 364 2041 597 2068; x_wconf 69' lang='lat' dir='ltr'>conservare:</span> <span class='ocrx_word' id='word_1_365' title='bbox 629 2042 799 2074; x_wconf 86' lang='lat' dir='ltr'>nusquam</span> <span class='ocrx_word' id='word_1_366' title='bbox 832 2035 922 2066; x_wconf 89' lang='lat' dir='ltr'>enim</span> <span class='ocrx_word' id='word_1_367' title='bbox 959 2036 1159 2076; x_wconf 83' lang='lat' dir='ltr'>ampliorem</span> <span class='ocrx_word' id='word_1_368' title='bbox 1191 2036 1315 2067; x_wconf 79' lang='lat' dir='ltr'>virtuti</span> <span class='ocrx_word' id='word_1_369' title='bbox 1341 2043 1497 2075; x_wconf 91' lang='lat' dir='ltr'>campum</span> <span class='ocrx_word' id='word_1_370' title='bbox 1531 2039 1668 2076; x_wconf 87' lang='lat' dir='ltr'>patere,</span> <span class='ocrx_word' id='word_1_371' title='bbox 1703 2035 1737 2066; x_wconf 90' lang='lat' dir='ltr'>in</span> <span class='ocrx_word' id='word_1_372' title='bbox 1771 2044 1836 2073; x_wconf 90' lang='lat' dir='ltr'>quo</span> <span class='ocrx_word' id='word_1_373' title='bbox 1871 2035 2022 2066; x_wconf 83' lang='lat' dir='ltr'>exerceri</span> <span class='ocrx_word' id='word_1_374' title='bbox 2056 2042 2257 2074; x_wconf 89' lang='lat' dir='ltr'>omnemque</span> <span class='ocrx_word' id='word_1_375' title='bbox 2294 2043 2391 2065; x_wconf 89' lang='lat' dir='ltr'>suam</span> <span class='ocrx_word' id='word_1_376' title='bbox 2423 2034 2494 2064; x_wconf 76' lang='lat' dir='ltr'>vim</span> 
     </span>
     <span class='ocr_line' id='line_1_28' title="bbox 239 2090 2493 2134; baseline -0.001 -10"><span class='ocrx_word' id='word_1_377' title='bbox 239 2101 441 2132; x_wconf 75' lang='lat' dir='ltr'>expromere</span> <span class='ocrx_word' id='word_1_378' title='bbox 468 2093 588 2132; x_wconf 87' lang='lat' dir='ltr'>possit.</span> <span class='ocrx_word' id='word_1_379' title='bbox 634 2093 802 2134; x_wconf 46' lang='lat' dir='ltr'>*agistri</span> <span class='ocrx_word' id='word_1_380' title='bbox 834 2095 1039 2125; x_wconf 85' lang='lat' dir='ltr'>seutentiam</span> <span class='ocrx_word' id='word_1_381' title='bbox 1065 2096 1223 2134; x_wconf 85' lang='lat' dir='ltr'>discipuli</span> <span class='ocrx_word' id='word_1_382' title='bbox 1248 2103 1316 2126; x_wconf 90' lang='lat' dir='ltr'>uon</span> <span class='ocrx_word' id='word_1_383' title='bbox 1346 2103 1468 2126; x_wconf 88' lang='lat' dir='ltr'>omnes</span> <span class='ocrx_word' id='word_1_384' title='bbox 1497 2096 1651 2134; x_wconf 86' lang='lat' dir='ltr'>probant.</span> <span class='ocrx_word' id='word_1_385' title='bbox 1700 2094 1901 2124; x_wconf 85' lang='lat' dir='ltr'>Dicaearchi</span> <span class='ocrx_word' id='word_1_386' title='bbox 1928 2094 2020 2125; x_wconf 90' lang='lat' dir='ltr'>enim</span> <span class='ocrx_word' id='word_1_387' title='bbox 2054 2093 2177 2125; x_wconf 87' lang='lat' dir='ltr'>Cicero</span> <span class='ocrx_word' id='word_1_388' title='bbox 2203 2094 2247 2123; x_wconf 87' lang='lat' dir='ltr'>ad</span> <span class='ocrx_word' id='word_1_389' title='bbox 2274 2094 2349 2123; x_wconf 82' lang='lat' dir='ltr'>Att.</span> <span class='ocrx_word' id='word_1_390' title='bbox 2376 2093 2422 2132; x_wconf 83' lang='grc' dir='ltr'>Π,</span> <span class='ocrx_word' id='word_1_391' title='bbox 2450 2090 2493 2122; x_wconf 79' lang='grc'>16</span> 
     </span>
     <span class='ocr_line' id='line_1_29' title="bbox 238 2145 2493 2195; baseline -0 -14"><span class='ocrx_word' id='word_1_392' title='bbox 238 2149 362 2181; x_wconf 82' lang='lat' dir='ltr'>scribit</span> <span class='ocrx_word' id='word_1_393' title='bbox 405 2159 565 2192; x_wconf 83' lang='lat' dir='ltr'>magnam</span> <span class='ocrx_word' id='word_1_394' title='bbox 604 2161 680 2183; x_wconf 90' lang='lat' dir='ltr'>cum</span> <span class='ocrx_word' id='word_1_395' title='bbox 722 2153 957 2192; x_wconf 85' lang='lat' dir='ltr'>Theophrasto</span> <span class='ocrx_word' id='word_1_396' title='bbox 1001 2154 1273 2184; x_wconf 82' lang='lat' dir='ltr'>controversiam</span> <span class='ocrx_word' id='word_1_397' title='bbox 1317 2154 1445 2189; x_wconf 82' lang='lat' dir='ltr'>fuisse,</span> <span class='ocrx_word' id='word_1_398' title='bbox 1490 2161 1635 2190; x_wconf 85' lang='lat' dir='ltr'>quorum</span> <span class='ocrx_word' id='word_1_399' title='bbox 1669 2153 1727 2184; x_wconf 90' lang='lat' dir='ltr'>ille</span> <span class='ocrx_word' id='word_1_400' title='bbox 1758 2145 1820 2183; x_wconf 80' lang='grc' dir='ltr'>τὸν</span> <span class='ocrx_word' id='word_1_401' title='bbox 1854 2145 2045 2195; x_wconf 76' lang='grc' dir='ltr'><em>πρακτικόν</em></span> <span class='ocrx_word' id='word_1_402' title='bbox 2085 2147 2162 2190; x_wconf 79' lang='grc' dir='ltr'><em>βίον</em></span> <span class='ocrx_word' id='word_1_403' title='bbox 2194 2150 2302 2191; x_wconf 83' lang='lat' dir='ltr'>longe</span> <span class='ocrx_word' id='word_1_404' title='bbox 2339 2150 2493 2181; x_wconf 87' lang='lat' dir='ltr'>omnibus</span> 
     </span>
     <span class='ocr_line' id='line_1_30' title="bbox 239 2204 2493 2256; baseline -0.001 -15"><span class='ocrx_word' id='word_1_405' title='bbox 239 2210 519 2249; x_wconf 80' lang='lat' dir='ltr'>anteponendum</span> <span class='ocrx_word' id='word_1_406' title='bbox 552 2220 630 2241; x_wconf 87' lang='lat' dir='ltr'>esse</span> <span class='ocrx_word' id='word_1_407' title='bbox 665 2213 833 2249; x_wconf 87' lang='lat' dir='ltr'>censeret,</span> <span class='ocrx_word' id='word_1_408' title='bbox 864 2211 918 2243; x_wconf 88' lang='lat' dir='ltr'>hic</span> <span class='ocrx_word' id='word_1_409' title='bbox 943 2204 1006 2243; x_wconf 83' lang='grc' dir='ltr'>τόν</span> <span class='ocrx_word' id='word_1_410' title='bbox 1029 2205 1245 2256; x_wconf 60' lang='grc' dir='ltr'><em>θεωρητικόν</em></span> <span class='ocrx_word' id='word_1_411' title='bbox 1271 2212 1377 2243; x_wconf 88' lang='lat' dir='ltr'>multo</span> <span class='ocrx_word' id='word_1_412' title='bbox 1408 2211 1696 2251; x_wconf 84' lang='lat' dir='ltr'>praestantiorem</span> <span class='ocrx_word' id='word_1_413' title='bbox 1734 2220 1811 2242; x_wconf 89' lang='lat' dir='ltr'>esse</span> <span class='ocrx_word' id='word_1_414' title='bbox 1846 2210 2087 2251; x_wconf 84' lang='lat' dir='ltr'>contenderet,</span> <span class='ocrx_word' id='word_1_415' title='bbox 2123 2208 2179 2248; x_wconf 89' lang='lat' dir='ltr'>qui</span> <span class='ocrx_word' id='word_1_416' title='bbox 2205 2212 2319 2240; x_wconf 88' lang='lat' dir='ltr'>tamen</span> <span class='ocrx_word' id='word_1_417' title='bbox 2352 2209 2387 2240; x_wconf 89' lang='lat' dir='ltr'>et</span> <span class='ocrx_word' id='word_1_418' title='bbox 2416 2207 2493 2247; x_wconf 84' lang='lat' dir='ltr'>ipse</span> 
     </span>
     <span class='ocr_line' id='line_1_31' title="bbox 240 2263 2494 2308; baseline -0 -11"><span class='ocrx_word' id='word_1_419' title='bbox 240 2263 370 2298; x_wconf 85' lang='lat' dir='ltr'>multos</span> <span class='ocrx_word' id='word_1_420' title='bbox 401 2268 446 2298; x_wconf 86' lang='lat' dir='ltr'>de</span> <span class='ocrx_word' id='word_1_421' title='bbox 478 2274 518 2298; x_wconf 86' lang='lat' dir='ltr'>re</span> <span class='ocrx_word' id='word_1_422' title='bbox 548 2267 686 2307; x_wconf 90' lang='lat' dir='ltr'>publica</span> <span class='ocrx_word' id='word_1_423' title='bbox 719 2264 825 2299; x_wconf 87' lang='lat' dir='ltr'>libros</span> <span class='ocrx_word' id='word_1_424' title='bbox 860 2267 1052 2308; x_wconf 85' lang='lat' dir='ltr'>composuit</span> <span class='ocrx_word' id='word_1_425' title='bbox 1082 2270 1332 2308; x_wconf 84' lang='lat' dir='ltr'>multarumque</span> <span class='ocrx_word' id='word_1_426' title='bbox 1366 2268 1546 2300; x_wconf 85' lang='lat' dir='ltr'>civitatum</span> <span class='ocrx_word' id='word_1_427' title='bbox 1575 2270 1671 2308; x_wconf 72' lang='lat' dir='ltr'>leges</span> <span class='ocrx_word' id='word_1_428' title='bbox 1703 2272 1739 2299; x_wconf 88' lang='lat' dir='ltr'>et</span> <span class='ocrx_word' id='word_1_429' title='bbox 1771 2269 1931 2299; x_wconf 85' lang='lat' dir='ltr'>instituta</span> <span class='ocrx_word' id='word_1_430' title='bbox 1959 2263 2148 2308; x_wconf 85' lang='lat' dir='ltr'>diligenter</span> <span class='ocrx_word' id='word_1_431' title='bbox 2174 2270 2403 2306; x_wconf 86' lang='lat' dir='ltr'>persequutus</span> <span class='ocrx_word' id='word_1_432' title='bbox 2430 2267 2494 2296; x_wconf 89' lang='lat' dir='ltr'>est.</span> 
     </span>
     <span class='ocr_line' id='line_1_32' title="bbox 237 2322 2493 2369; baseline -0.001 -13"><span class='ocrx_word' id='word_1_433' title='bbox 237 2326 330 2357; x_wconf 77' lang='lat' dir='ltr'>Nolo</span> <span class='ocrx_word' id='word_1_434' title='bbox 355 2326 398 2356; x_wconf 86' lang='lat' dir='ltr'>de</span> <span class='ocrx_word' id='word_1_435' title='bbox 419 2326 663 2364; x_wconf 83' lang='lat' dir='ltr'>Peripateticis</span> <span class='ocrx_word' id='word_1_436' title='bbox 689 2329 724 2356; x_wconf 88' lang='lat' dir='ltr'>et</span> <span class='ocrx_word' id='word_1_437' title='bbox 752 2327 931 2356; x_wconf 82' lang='lat' dir='ltr'>veteribus</span> <span class='ocrx_word' id='word_1_438' title='bbox 951 2327 1176 2357; x_wconf 85' lang='lat' dir='ltr'>Academicis</span> <span class='ocrx_word' id='word_1_439' title='bbox 1203 2328 1330 2369; x_wconf 82' lang='lat' dir='ltr'>dicere,</span> <span class='ocrx_word' id='word_1_440' title='bbox 1358 2336 1445 2365; x_wconf 86' lang='lat' dir='ltr'>quae</span> <span class='ocrx_word' id='word_1_441' title='bbox 1475 2327 1596 2357; x_wconf 89' lang='lat' dir='ltr'>Cicero</span> <span class='ocrx_word' id='word_1_442' title='bbox 1622 2327 1664 2356; x_wconf 89' lang='lat' dir='ltr'>de</span> <span class='ocrx_word' id='word_1_443' title='bbox 1692 2327 1764 2357; x_wconf 81' lang='lat' dir='ltr'>Fin.</span> <span class='ocrx_word' id='word_1_444' title='bbox 1789 2328 1854 2365; x_wconf 83' lang='lat' dir='ltr'>lv,</span> <span class='ocrx_word' id='word_1_445' title='bbox 1881 2325 1914 2363; x_wconf 80' lang='lat'>2,</span> <span class='ocrx_word' id='word_1_446' title='bbox 1938 2327 1974 2356; x_wconf 81' lang='grc'>5.</span> <span class='ocrx_word' id='word_1_447' title='bbox 1997 2325 2057 2365; x_wconf 78' lang='lat'>22,</span> <span class='ocrx_word' id='word_1_448' title='bbox 2086 2325 2142 2357; x_wconf 86' lang='lat'>61.</span> <span class='ocrx_word' id='word_1_449' title='bbox 2169 2326 2211 2355; x_wconf 87' lang='lat' dir='ltr'>de</span> <span class='ocrx_word' id='word_1_450' title='bbox 2237 2326 2316 2355; x_wconf 81' lang='lat' dir='ltr'>Div.</span> <span class='ocrx_word' id='word_1_451' title='bbox 2345 2322 2388 2361; x_wconf 88' lang='lat'>11,</span> <span class='ocrx_word' id='word_1_452' title='bbox 2414 2323 2445 2360; x_wconf 86' lang='lat' dir='ltr'>l,</span> <span class='ocrx_word' id='word_1_453' title='bbox 2469 2323 2493 2353; x_wconf 88' lang='lat'><strong>3</strong></span> 
     </span>
     <span class='ocr_line' id='line_1_33' title="bbox 239 2381 2493 2425; baseline -0.001 -11"><span class='ocrx_word' id='word_1_454' title='bbox 239 2387 275 2414; x_wconf 78' lang='lat' dir='ltr'>et</span> <span class='ocrx_word' id='word_1_455' title='bbox 298 2383 409 2416; x_wconf 75' lang='lat' dir='ltr'>Acad.</span> <span class='ocrx_word' id='word_1_456' title='bbox 436 2381 483 2423; x_wconf 88' lang='lat'>11,</span> <span class='ocrx_word' id='word_1_457' title='bbox 507 2383 567 2423; x_wconf 78' lang='lat'>36,</span> <span class='ocrx_word' id='word_1_458' title='bbox 593 2383 638 2414; x_wconf 73' lang='lat'>15</span> <span class='ocrx_word' id='word_1_459' title='bbox 662 2385 795 2417; x_wconf 85' lang='lat' dir='ltr'>laudat.</span> <span class='ocrx_word' id='word_1_460' title='bbox 845 2385 954 2416; x_wconf 89' lang='lat' dir='ltr'>Stoici</span> <span class='ocrx_word' id='word_1_461' title='bbox 981 2384 1127 2422; x_wconf 85' lang='lat' dir='ltr'>denique</span> <span class='ocrx_word' id='word_1_462' title='bbox 1154 2388 1243 2416; x_wconf 88' lang='lat' dir='ltr'>teste</span> <span class='ocrx_word' id='word_1_463' title='bbox 1269 2385 1388 2416; x_wconf 88' lang='lat' dir='ltr'>eodem</span> <span class='ocrx_word' id='word_1_464' title='bbox 1414 2384 1580 2416; x_wconf 89' lang='lat' dir='ltr'>Cicerone</span> <span class='ocrx_word' id='word_1_465' title='bbox 1601 2384 1643 2415; x_wconf 86' lang='lat' dir='ltr'>de</span> <span class='ocrx_word' id='word_1_466' title='bbox 1668 2384 1744 2417; x_wconf 82' lang='lat' dir='ltr'>Fin.</span> <span class='ocrx_word' id='word_1_467' title='bbox 1773 2384 1837 2425; x_wconf 87' lang='lat'>111,</span> <span class='ocrx_word' id='word_1_468' title='bbox 1862 2383 1922 2424; x_wconf 80' lang='lat'>20,</span> <span class='ocrx_word' id='word_1_469' title='bbox 1950 2383 1996 2414; x_wconf 73' lang='lat'>68</span> <span class='ocrx_word' id='word_1_470' title='bbox 2018 2382 2210 2421; x_wconf 84' lang='lat' dir='ltr'>sapientem</span> <span class='ocrx_word' id='word_1_471' title='bbox 2236 2381 2398 2412; x_wconf 84' lang='lat' dir='ltr'>volebant.</span> <span class='ocrx_word' id='word_1_472' title='bbox 2421 2390 2493 2412; x_wconf 84' lang='lat' dir='ltr'>rem</span> 
     </span>
     <span class='ocr_line' id='line_1_34' title="bbox 240 2440 2494 2482; baseline 0 -11"><span class='ocrx_word' id='word_1_473' title='bbox 240 2440 412 2481; x_wconf 87' lang='lat' dir='ltr'>publicam</span> <span class='ocrx_word' id='word_1_474' title='bbox 436 2450 562 2482; x_wconf 88' lang='lat' dir='ltr'>gerere</span> <span class='ocrx_word' id='word_1_475' title='bbox 588 2445 621 2473; x_wconf 91' lang='lat' dir='ltr'>et</span> <span class='ocrx_word' id='word_1_476' title='bbox 646 2441 900 2473; x_wconf 84' lang='lat' dir='ltr'>administrare.</span> <span class='ocrx_word' id='word_1_477' title='bbox 956 2442 1045 2473; x_wconf 78' lang='lat' dir='ltr'>Nam</span> <span class='ocrx_word' id='word_1_478' title='bbox 1071 2449 1161 2481; x_wconf 90' lang='lat' dir='ltr'>quae</span> <span class='ocrx_word' id='word_1_479' title='bbox 1187 2441 1310 2473; x_wconf 89' lang='lat' dir='ltr'>Cicero</span> <span class='ocrx_word' id='word_1_480' title='bbox 1343 2441 1462 2473; x_wconf 90' lang='lat' dir='ltr'>scribit</span> <span class='ocrx_word' id='word_1_481' title='bbox 1490 2441 1533 2472; x_wconf 89' lang='lat' dir='ltr'>de</span> <span class='ocrx_word' id='word_1_482' title='bbox 1558 2442 1611 2472; x_wconf 84' lang='lat' dir='ltr'>Re</span> <span class='ocrx_word' id='word_1_483' title='bbox 1638 2442 1733 2480; x_wconf 89' lang='lat' dir='ltr'>publ.</span> <span class='ocrx_word' id='word_1_484' title='bbox 1759 2442 1785 2479; x_wconf 89' lang='lat'>1,</span> <span class='ocrx_word' id='word_1_485' title='bbox 1810 2441 1833 2470; x_wconf 83' lang='lat'><em>5</em></span> <span class='ocrx_word' id='word_1_486' title='bbox 1866 2441 1974 2471; x_wconf 88' lang='lat' dir='ltr'>verba</span> <span class='ocrx_word' id='word_1_487' title='bbox 2004 2440 2185 2480; x_wconf 83' lang='lat' dir='ltr'>praeclara</span> <span class='ocrx_word' id='word_1_488' title='bbox 2217 2446 2376 2478; x_wconf 72' lang='lat' dir='ltr'>(piaeque</span> <span class='ocrx_word' id='word_1_489' title='bbox 2411 2441 2494 2471; x_wconf 87' lang='lat' dir='ltr'>ante</span> 
     </span>
     <span class='ocr_line' id='line_1_35' title="bbox 240 2495 2493 2540; baseline -0.001 -11"><span class='ocrx_word' id='word_1_490' title='bbox 240 2498 308 2529; x_wconf 88' lang='lat' dir='ltr'>duo</span> <span class='ocrx_word' id='word_1_491' title='bbox 325 2497 403 2529; x_wconf 82' lang='lat' dir='ltr'>fere</span> <span class='ocrx_word' id='word_1_492' title='bbox 420 2498 515 2530; x_wconf 83' lang='lat' dir='ltr'>milia</span> <span class='ocrx_word' id='word_1_493' title='bbox 528 2505 694 2529; x_wconf 91' lang='lat' dir='ltr'>annorum</span> <span class='ocrx_word' id='word_1_494' title='bbox 707 2499 848 2529; x_wconf 84' lang='lat' dir='ltr'>nostrae</span> <span class='ocrx_word' id='word_1_495' title='bbox 866 2499 973 2529; x_wconf 86' lang='lat' dir='ltr'>aetati</span> <span class='ocrx_word' id='word_1_496' title='bbox 988 2499 1118 2538; x_wconf 87' lang='lat' dir='ltr'>scripta</span> <span class='ocrx_word' id='word_1_497' title='bbox 1137 2507 1216 2530; x_wconf 89' lang='lat' dir='ltr'>esse</span> <span class='ocrx_word' id='word_1_498' title='bbox 1235 2499 1410 2540; x_wconf 78' lang='lat' dir='ltr'>videntur,</span> <span class='ocrx_word' id='word_1_499' title='bbox 1435 2496 1509 2529; x_wconf 81' lang='lat' dir='ltr'>iam</span> <span class='ocrx_word' id='word_1_500' title='bbox 1522 2496 1584 2528; x_wconf 77' lang='lat' dir='ltr'>illa</span> <span class='ocrx_word' id='word_1_501' title='bbox 1594 2496 1779 2540; x_wconf 45' lang='lat' dir='ltr'>&#39;tersit-qia,</span> <span class='ocrx_word' id='word_1_502' title='bbox 1802 2505 1896 2539; x_wconf 80' lang='lat' dir='ltr'>quae</span> <span class='ocrx_word' id='word_1_503' title='bbox 1908 2500 2053 2528; x_wconf 75' lang='lat' dir='ltr'>sumunt</span> <span class='ocrx_word' id='word_1_504' title='bbox 2070 2496 2138 2527; x_wconf 88' lang='lat' dir='ltr'>sibi</span> <span class='ocrx_word' id='word_1_505' title='bbox 2153 2497 2202 2527; x_wconf 83' lang='lat' dir='ltr'>ad</span> <span class='ocrx_word' id='word_1_506' title='bbox 2211 2495 2493 2538; x_wconf 63' lang='lat' dir='ltr'>excusationem,</span> 
     </span>
     <span class='ocr_line' id='line_1_36' title="bbox 242 2555 2496 2598; baseline 0 -12"><span class='ocrx_word' id='word_1_507' title='bbox 242 2566 313 2596; x_wconf 80' lang='lat' dir='ltr'>quo</span> <span class='ocrx_word' id='word_1_508' title='bbox 341 2555 490 2597; x_wconf 78' lang='lat' dir='ltr'>facilius</span> <span class='ocrx_word' id='word_1_509' title='bbox 521 2555 592 2587; x_wconf 76' lang='lat' dir='ltr'>otio</span> <span class='ocrx_word' id='word_1_510' title='bbox 619 2557 890 2598; x_wconf 79' lang='lat' dir='ltr'>perfruuntur,</span> <span class='ocrx_word' id='word_1_511' title='bbox 924 2560 1023 2587; x_wconf 78' lang='lat' dir='ltr'>certe</span> <span class='ocrx_word' id='word_1_512' title='bbox 1053 2556 1193 2587; x_wconf 75' lang='lat' dir='ltr'>niinime</span> <span class='ocrx_word' id='word_1_513' title='bbox 1223 2561 1307 2588; x_wconf 82' lang='lat' dir='ltr'>sunt</span> <span class='ocrx_word' id='word_1_514' title='bbox 1330 2556 1529 2597; x_wconf 79' lang='lat' dir='ltr'>audienda,</span> <span class='ocrx_word' id='word_1_515' title='bbox 1553 2566 1661 2598; x_wconf 79' lang='lat' dir='ltr'>quum</span> <span class='ocrx_word' id='word_1_516' title='bbox 1686 2556 1738 2587; x_wconf 84' lang='lat' dir='ltr'>ita</span> <span class='ocrx_word' id='word_1_517' title='bbox 1763 2556 1905 2597; x_wconf 83' lang='lat' dir='ltr'>dicunt,</span> <span class='ocrx_word' id='word_1_518' title='bbox 1939 2557 2109 2588; x_wconf 78' lang='lat' dir='ltr'>accedere</span> <span class='ocrx_word' id='word_1_519' title='bbox 2141 2556 2191 2587; x_wconf 81' lang='lat' dir='ltr'>acl</span> <span class='ocrx_word' id='word_1_520' title='bbox 2216 2564 2294 2587; x_wconf 81' lang='lat' dir='ltr'>rem</span> <span class='ocrx_word' id='word_1_521' title='bbox 2319 2555 2496 2594; x_wconf 78' lang='lat' dir='ltr'>publicam</span> 
     </span>
     <span class='ocr_line' id='line_1_37' title="bbox 235 2610 2496 2657; baseline -0.002 -11"><span class='ocrx_word' id='word_1_522' title='bbox 235 2614 449 2655; x_wconf 80' lang='lat' dir='ltr'>plerumque</span> <span class='ocrx_word' id='word_1_523' title='bbox 479 2610 631 2645; x_wconf 72' lang='lat' dir='ltr'>homines</span> <span class='ocrx_word' id='word_1_524' title='bbox 663 2613 762 2645; x_wconf 82' lang='lat' dir='ltr'>nulla</span> <span class='ocrx_word' id='word_1_525' title='bbox 795 2621 839 2644; x_wconf 85' lang='lat' dir='ltr'>re</span> <span class='ocrx_word' id='word_1_526' title='bbox 872 2612 962 2645; x_wconf 83' lang='lat' dir='ltr'>bona</span> <span class='ocrx_word' id='word_1_527' title='bbox 991 2611 1116 2654; x_wconf 68' lang='lat' dir='ltr'>(liquos</span> <span class='ocrx_word' id='word_1_528' title='bbox 1128 2636 1142 2656; x_wconf 93' lang='lat'>,</span> <span class='ocrx_word' id='word_1_529' title='bbox 1179 2621 1260 2645; x_wconf 78' lang='lat' dir='ltr'>cum</span> <span class='ocrx_word' id='word_1_530' title='bbox 1284 2612 1412 2655; x_wconf 79' lang='lat' dir='ltr'>quibus</span> <span class='ocrx_word' id='word_1_531' title='bbox 1439 2612 1646 2655; x_wconf 80' lang='lat' dir='ltr'>comparari</span> <span class='ocrx_word' id='word_1_532' title='bbox 1669 2612 1849 2646; x_wconf 78' lang='lat' dir='ltr'>sordidum</span> <span class='ocrx_word' id='word_1_533' title='bbox 1860 2637 1873 2657; x_wconf 95' lang='lat'>,</span> <span class='ocrx_word' id='word_1_534' title='bbox 1901 2613 2090 2657; x_wconf 45' lang='lat' dir='ltr'>confiterere</span> <span class='ocrx_word' id='word_1_535' title='bbox 2112 2616 2249 2654; x_wconf 83' lang='lat' dir='ltr'>aulem,</span> <span class='ocrx_word' id='word_1_536' title='bbox 2272 2610 2496 2644; x_wconf 65' lang='lat' dir='ltr'>invalitudine</span> 
     </span>
     <span class='ocr_line' id='line_1_38' title="bbox 236 2669 2496 2714; baseline -0.001 -11"><span class='ocrx_word' id='word_1_537' title='bbox 236 2670 452 2711; x_wconf 66' lang='lat' dir='ltr'>praesertim</span> <span class='ocrx_word' id='word_1_538' title='bbox 473 2669 637 2712; x_wconf 79' lang='lat' dir='ltr'>incitata,</span> <span class='ocrx_word' id='word_1_539' title='bbox 662 2670 836 2702; x_wconf 79' lang='lat' dir='ltr'>miserum</span> <span class='ocrx_word' id='word_1_540' title='bbox 859 2674 893 2702; x_wconf 77' lang='lat' dir='ltr'>ec</span> <span class='ocrx_word' id='word_1_541' title='bbox 913 2670 1157 2711; x_wconf 80' lang='lat' dir='ltr'>periculosum</span> <span class='ocrx_word' id='word_1_542' title='bbox 1180 2671 1235 2704; x_wconf 82' lang='lat' dir='ltr'>sit.</span> <span class='ocrx_word' id='word_1_543' title='bbox 1286 2673 1402 2712; x_wconf 79' lang='lat' dir='ltr'>Quam</span> <span class='ocrx_word' id='word_1_544' title='bbox 1418 2672 1459 2704; x_wconf 83' lang='lat' dir='ltr'>ob</span> <span class='ocrx_word' id='word_1_545' title='bbox 1475 2680 1552 2704; x_wconf 83' lang='lat' dir='ltr'>rem</span> <span class='ocrx_word' id='word_1_546' title='bbox 1566 2681 1680 2714; x_wconf 75' lang='lat' dir='ltr'>neque</span> <span class='ocrx_word' id='word_1_547' title='bbox 1702 2672 1872 2712; x_wconf 80' lang='lat' dir='ltr'>sapientis</span> <span class='ocrx_word' id='word_1_548' title='bbox 1899 2681 1976 2704; x_wconf 73' lang='lat' dir='ltr'>esse</span> <span class='ocrx_word' id='word_1_549' title='bbox 1999 2672 2168 2713; x_wconf 83' lang='lat' dir='ltr'>accipere</span> <span class='ocrx_word' id='word_1_550' title='bbox 2193 2671 2358 2711; x_wconf 78' lang='lat' dir='ltr'>habenas,</span> <span class='ocrx_word' id='word_1_551' title='bbox 2387 2678 2496 2711; x_wconf 77' lang='lat' dir='ltr'>quum</span> 
     </span>
     <span class='ocr_line' id='line_1_39' title="bbox 240 2727 2495 2774; baseline -0 -15"><span class='ocrx_word' id='word_1_552' title='bbox 240 2728 386 2761; x_wconf 77' lang='lat' dir='ltr'>insanos</span> <span class='ocrx_word' id='word_1_553' title='bbox 409 2732 519 2770; x_wconf 79' lang='lat' dir='ltr'>atque</span> <span class='ocrx_word' id='word_1_554' title='bbox 543 2727 727 2761; x_wconf 72' lang='lat' dir='ltr'>indomitos</span> <span class='ocrx_word' id='word_1_555' title='bbox 752 2727 905 2768; x_wconf 76' lang='lat' dir='ltr'>impetus</span> <span class='ocrx_word' id='word_1_556' title='bbox 920 2728 1016 2770; x_wconf 74' lang='lat' dir='ltr'>mclyi</span> <span class='ocrx_word' id='word_1_557' title='bbox 1033 2728 1196 2761; x_wconf 79' lang='lat' dir='ltr'>cohibere</span> <span class='ocrx_word' id='word_1_558' title='bbox 1216 2739 1286 2763; x_wconf 77' lang='lat' dir='ltr'>non</span> <span class='ocrx_word' id='word_1_559' title='bbox 1299 2729 1428 2774; x_wconf 82' lang='lat' dir='ltr'>possit,</span> <span class='ocrx_word' id='word_1_560' title='bbox 1451 2739 1565 2772; x_wconf 74' lang='lat' dir='ltr'>neque</span> <span class='ocrx_word' id='word_1_561' title='bbox 1580 2729 1738 2761; x_wconf 80' lang='lat' dir='ltr'>liberalis</span> <span class='ocrx_word' id='word_1_562' title='bbox 1757 2739 1837 2762; x_wconf 81' lang='lat' dir='ltr'>cum</span> <span class='ocrx_word' id='word_1_563' title='bbox 1854 2729 2004 2770; x_wconf 84' lang='lat' dir='ltr'>impuris</span> <span class='ocrx_word' id='word_1_564' title='bbox 2020 2733 2129 2771; x_wconf 78' lang='lat' dir='ltr'>atque</span> <span class='ocrx_word' id='word_1_565' title='bbox 2139 2727 2347 2759; x_wconf 82' lang='lat' dir='ltr'>immanibus</span> <span class='ocrx_word' id='word_1_566' title='bbox 2363 2728 2495 2758; x_wconf 78' lang='lat' dir='ltr'>adver-</span> 
     </span>
     <span class='ocr_line' id='line_1_40' title="bbox 238 2783 2494 2832; baseline -0 -13"><span class='ocrx_word' id='word_1_567' title='bbox 238 2786 348 2819; x_wconf 77' lang='lat' dir='ltr'>sariis</span> <span class='ocrx_word' id='word_1_568' title='bbox 372 2788 615 2819; x_wconf 72' lang='lat' dir='ltr'>decertantem</span> <span class='ocrx_word' id='word_1_569' title='bbox 638 2788 694 2818; x_wconf 80' lang='lat' dir='ltr'>vel</span> <span class='ocrx_word' id='word_1_570' title='bbox 723 2786 1019 2819; x_wconf 77' lang='lat' dir='ltr'>contumeliarum</span> <span class='ocrx_word' id='word_1_571' title='bbox 1041 2789 1192 2820; x_wconf 76' lang='lat' dir='ltr'>verbera</span> <span class='ocrx_word' id='word_1_572' title='bbox 1215 2788 1338 2821; x_wconf 81' lang='lat' dir='ltr'>subire</span> <span class='ocrx_word' id='word_1_573' title='bbox 1361 2790 1417 2821; x_wconf 83' lang='lat' dir='ltr'>vel</span> <span class='ocrx_word' id='word_1_574' title='bbox 1440 2793 1654 2830; x_wconf 65' lang='lat' dir='ltr'>exspectare</span> <span class='ocrx_word' id='word_1_575' title='bbox 1676 2788 1828 2829; x_wconf 78' lang='lat' dir='ltr'>sapienti</span> <span class='ocrx_word' id='word_1_576' title='bbox 1852 2798 1921 2820; x_wconf 86' lang='lat' dir='ltr'>mm</span> <span class='ocrx_word' id='word_1_577' title='bbox 1944 2789 2114 2832; x_wconf 80' lang='lat' dir='ltr'>serendas</span> <span class='ocrx_word' id='word_1_578' title='bbox 2140 2785 2292 2819; x_wconf 77' lang='lat' dir='ltr'>iniurias</span> <span class='ocrx_word' id='word_1_579' title='bbox 2306 2796 2318 2817; x_wconf 82' lang='lat'>.·</span> <span class='ocrx_word' id='word_1_580' title='bbox 2345 2783 2494 2825; x_wconf 79' lang='lat' dir='ltr'>proinde</span> 
     </span>
     <span class='ocr_line' id='line_1_41' title="bbox 235 2843 2496 2891; baseline -0.001 -13"><span class='ocrx_word' id='word_1_581' title='bbox 235 2844 343 2888; x_wconf 72' lang='lat' dir='ltr'>quasi</span> <span class='ocrx_word' id='word_1_582' title='bbox 367 2843 467 2877; x_wconf 84' lang='lat' dir='ltr'>bonis</span> <span class='ocrx_word' id='word_1_583' title='bbox 491 2849 526 2877; x_wconf 85' lang='lat' dir='ltr'>et</span> <span class='ocrx_word' id='word_1_584' title='bbox 549 2844 706 2888; x_wconf 81' lang='lat' dir='ltr'>fortibus</span> <span class='ocrx_word' id='word_1_585' title='bbox 731 2849 765 2877; x_wconf 80' lang='lat' dir='ltr'>et</span> <span class='ocrx_word' id='word_1_586' title='bbox 789 2854 918 2887; x_wconf 77' lang='lat' dir='ltr'>mayno</span> <span class='ocrx_word' id='word_1_587' title='bbox 942 2844 1060 2879; x_wconf 82' lang='lat' dir='ltr'>animo</span> <span class='ocrx_word' id='word_1_588' title='bbox 1081 2846 1259 2891; x_wconf 73' lang='lat' dir='ltr'>praeditis</span> <span class='ocrx_word' id='word_1_589' title='bbox 1293 2849 1369 2880; x_wconf 79' lang='lat' dir='ltr'>ulta</span> <span class='ocrx_word' id='word_1_590' title='bbox 1400 2847 1447 2881; x_wconf 83' lang='lat' dir='ltr'>sie</span> <span class='ocrx_word' id='word_1_591' title='bbox 1469 2849 1519 2882; x_wconf 84' lang='lat' dir='ltr'>ad</span> <span class='ocrx_word' id='word_1_592' title='bbox 1539 2857 1618 2881; x_wconf 85' lang='lat' dir='ltr'>rem</span> <span class='ocrx_word' id='word_1_593' title='bbox 1638 2847 1819 2888; x_wconf 78' lang='lat' dir='ltr'>publicam</span> <span class='ocrx_word' id='word_1_594' title='bbox 1843 2846 1998 2880; x_wconf 77' lang='lat' dir='ltr'>adeundi</span> <span class='ocrx_word' id='word_1_595' title='bbox 2023 2855 2137 2879; x_wconf 82' lang='lat' dir='ltr'>causa</span> <span class='ocrx_word' id='word_1_596' title='bbox 2159 2844 2290 2878; x_wconf 73' lang='lat' dir='ltr'>iustior</span> <span class='ocrx_word' id='word_1_597' title='bbox 2321 2852 2427 2887; x_wconf 79' lang='lat' dir='ltr'>quam</span> <span class='ocrx_word' id='word_1_598' title='bbox 2451 2852 2496 2876; x_wconf 84' lang='lat' dir='ltr'>ne</span> 
     </span>
     <span class='ocr_line' id='line_1_42' title="bbox 232 2901 2492 2949; baseline -0.001 -12"><span class='ocrx_word' id='word_1_599' title='bbox 232 2907 391 2944; x_wconf 80' lang='lat' dir='ltr'>pareant</span> <span class='ocrx_word' id='word_1_600' title='bbox 421 2903 606 2945; x_wconf 80' lang='lat' dir='ltr'>improbis,</span> <span class='ocrx_word' id='word_1_601' title='bbox 640 2912 724 2936; x_wconf 73' lang='lat' dir='ltr'>neca</span> <span class='ocrx_word' id='word_1_602' title='bbox 753 2904 799 2936; x_wconf 85' lang='lat' dir='ltr'>ab</span> <span class='ocrx_word' id='word_1_603' title='bbox 831 2904 954 2937; x_wconf 77' lang='lat' dir='ltr'>iisdem</span> <span class='ocrx_word' id='word_1_604' title='bbox 978 2905 1138 2938; x_wconf 74' lang='lat' dir='ltr'>lacerari</span> <span class='ocrx_word' id='word_1_605' title='bbox 1169 2915 1247 2939; x_wconf 83' lang='lat' dir='ltr'>rem</span> <span class='ocrx_word' id='word_1_606' title='bbox 1275 2905 1457 2948; x_wconf 82' lang='lat' dir='ltr'>publicam</span> <span class='ocrx_word' id='word_1_607' title='bbox 1477 2906 1683 2948; x_wconf 82' lang='lat' dir='ltr'>patiantur,</span> <span class='ocrx_word' id='word_1_608' title='bbox 1710 2915 1817 2949; x_wconf 82' lang='lat' dir='ltr'>quum</span> <span class='ocrx_word' id='word_1_609' title='bbox 1840 2904 1911 2946; x_wconf 86' lang='lat' dir='ltr'>ipsi</span> <span class='ocrx_word' id='word_1_610' title='bbox 1935 2904 2113 2937; x_wconf 72' lang='lat' dir='ltr'>auxilium</span> <span class='ocrx_word' id='word_1_611' title='bbox 2134 2906 2250 2948; x_wconf 80' lang='lat' dir='ltr'>serre,</span> <span class='ocrx_word' id='word_1_612' title='bbox 2276 2902 2309 2934; x_wconf 82' lang='lat' dir='ltr'>si</span> <span class='ocrx_word' id='word_1_613' title='bbox 2333 2901 2492 2944; x_wconf 80' lang='lat' dir='ltr'>cupiant,</span> 
     </span>
     <span class='ocr_line' id='line_1_43' title="bbox 235 2962 2495 3006; baseline -0.001 -12"><span class='ocrx_word' id='word_1_614' title='bbox 235 2972 305 2994; x_wconf 78' lang='lat' dir='ltr'>non</span> <span class='ocrx_word' id='word_1_615' title='bbox 337 2967 489 3004; x_wconf 78' lang='lat' dir='ltr'>queant,</span> <span class='ocrx_word' id='word_1_616' title='bbox 525 2972 567 2994; x_wconf 88' lang='lat' dir='ltr'>ea</span> <span class='ocrx_word' id='word_1_617' title='bbox 596 2971 640 2995; x_wconf 84' lang='lat' dir='ltr'>cx</span> <span class='ocrx_word' id='word_1_618' title='bbox 676 2964 870 2996; x_wconf 89' lang='lat' dir='ltr'>Stoicorum</span> <span class='ocrx_word' id='word_1_619' title='bbox 903 2965 1056 2996; x_wconf 82' lang='lat' dir='ltr'>fontibus</span> <span class='ocrx_word' id='word_1_620' title='bbox 1089 2966 1230 2998; x_wconf 83' lang='lat' dir='ltr'>fluxisse</span> <span class='ocrx_word' id='word_1_621' title='bbox 1261 2969 1415 3006; x_wconf 87' lang='lat' dir='ltr'>apparet.</span> <span class='ocrx_word' id='word_1_622' title='bbox 1471 2967 1611 3005; x_wconf 84' lang='lat' dir='ltr'>Septem</span> <span class='ocrx_word' id='word_1_623' title='bbox 1645 2968 1758 2997; x_wconf 89' lang='lat' dir='ltr'>autem</span> <span class='ocrx_word' id='word_1_624' title='bbox 1795 2965 1891 2996; x_wconf 86' lang='lat' dir='ltr'>viros</span> <span class='ocrx_word' id='word_1_625' title='bbox 1925 2965 2029 3005; x_wconf 88' lang='lat' dir='ltr'>illos,</span> <span class='ocrx_word' id='word_1_626' title='bbox 2064 2964 2121 3003; x_wconf 88' lang='lat' dir='ltr'>qui</span> <span class='ocrx_word' id='word_1_627' title='bbox 2154 2971 2239 3002; x_wconf 90' lang='lat' dir='ltr'>prae</span> <span class='ocrx_word' id='word_1_628' title='bbox 2264 2962 2408 2993; x_wconf 87' lang='lat' dir='ltr'>caeteris</span> <span class='ocrx_word' id='word_1_629' title='bbox 2435 2970 2495 3000; x_wconf 90' lang='lat' dir='ltr'>per</span> 
     </span>
     <span class='ocr_line' id='line_1_44' title="bbox 239 3021 2494 3066; baseline -0.001 -14"><span class='ocrx_word' id='word_1_630' title='bbox 239 3022 441 3053; x_wconf 72' lang='lat' dir='ltr'>universam</span> <span class='ocrx_word' id='word_1_631' title='bbox 464 3021 647 3052; x_wconf 83' lang='lat' dir='ltr'>Graeciam</span> <span class='ocrx_word' id='word_1_632' title='bbox 672 3022 862 3064; x_wconf 84' lang='lat' dir='ltr'>sapientiae</span> <span class='ocrx_word' id='word_1_633' title='bbox 888 3023 992 3053; x_wconf 86' lang='lat' dir='ltr'>laude</span> <span class='ocrx_word' id='word_1_634' title='bbox 1016 3023 1271 3066; x_wconf 82' lang='lat' dir='ltr'>inclaruerunt,</span> <span class='ocrx_word' id='word_1_635' title='bbox 1304 3027 1441 3056; x_wconf 84' lang='lat' dir='ltr'>constat</span> <span class='ocrx_word' id='word_1_636' title='bbox 1472 3031 1593 3055; x_wconf 90' lang='lat' dir='ltr'>omnes</span> <span class='ocrx_word' id='word_1_637' title='bbox 1626 3026 1767 3063; x_wconf 87' lang='lat' dir='ltr'>praeter</span> <span class='ocrx_word' id='word_1_638' title='bbox 1797 3025 1939 3054; x_wconf 85' lang='lat' dir='ltr'>Thalem</span> <span class='ocrx_word' id='word_1_639' title='bbox 1964 3022 2139 3054; x_wconf 84' lang='lat' dir='ltr'>Milesium</span> <span class='ocrx_word' id='word_1_640' title='bbox 2171 3021 2368 3052; x_wconf 85' lang='lat' dir='ltr'>civitatibus</span> <span class='ocrx_word' id='word_1_641' title='bbox 2392 3028 2494 3058; x_wconf 88' lang='lat' dir='ltr'>prae-</span> 
     </span>
     <span class='ocr_line' id='line_1_45' title="bbox 236 3075 2494 3122; baseline -0.002 -11"><span class='ocrx_word' id='word_1_642' title='bbox 236 3079 350 3112; x_wconf 81' lang='lat' dir='ltr'>fuisse</span> <span class='ocrx_word' id='word_1_643' title='bbox 375 3082 411 3112; x_wconf 89' lang='lat' dir='ltr'>et</span> <span class='ocrx_word' id='word_1_644' title='bbox 441 3083 500 3111; x_wconf 84' lang='lat' dir='ltr'>aut</span> <span class='ocrx_word' id='word_1_645' title='bbox 524 3079 667 3122; x_wconf 81' lang='lat' dir='ltr'>legibus</span> <span class='ocrx_word' id='word_1_646' title='bbox 690 3079 772 3111; x_wconf 86' lang='lat' dir='ltr'>latis</span> <span class='ocrx_word' id='word_1_647' title='bbox 796 3080 856 3112; x_wconf 89' lang='lat' dir='ltr'>aut</span> <span class='ocrx_word' id='word_1_648' title='bbox 879 3082 985 3113; x_wconf 90' lang='lat' dir='ltr'>rebus</span> <span class='ocrx_word' id='word_1_649' title='bbox 1008 3081 1156 3121; x_wconf 90' lang='lat' dir='ltr'>publicis</span> <span class='ocrx_word' id='word_1_650' title='bbox 1181 3082 1429 3114; x_wconf 86' lang='lat' dir='ltr'>administratis</span> <span class='ocrx_word' id='word_1_651' title='bbox 1452 3082 1541 3113; x_wconf 92' lang='lat' dir='ltr'>bene</span> <span class='ocrx_word' id='word_1_652' title='bbox 1566 3081 1611 3113; x_wconf 88' lang='lat' dir='ltr'>de</span> <span class='ocrx_word' id='word_1_653' title='bbox 1635 3081 1707 3113; x_wconf 88' lang='lat' dir='ltr'>suis</span> <span class='ocrx_word' id='word_1_654' title='bbox 1731 3080 1870 3113; x_wconf 91' lang='lat' dir='ltr'>meritos</span> <span class='ocrx_word' id='word_1_655' title='bbox 1886 3088 1981 3112; x_wconf 89' lang='lat' dir='ltr'>esse.</span> <span class='ocrx_word' id='word_1_656' title='bbox 2029 3080 2122 3112; x_wconf 88' lang='lat' dir='ltr'>Vide</span> <span class='ocrx_word' id='word_1_657' title='bbox 2138 3077 2241 3119; x_wconf 76' lang='lat' dir='ltr'>Diog.</span> <span class='ocrx_word' id='word_1_658' title='bbox 2257 3079 2376 3109; x_wconf 84' lang='lat' dir='ltr'>Laert.</span> <span class='ocrx_word' id='word_1_659' title='bbox 2392 3075 2419 3119; x_wconf 89' lang='lat'>1,</span> <span class='ocrx_word' id='word_1_660' title='bbox 2437 3075 2494 3107; x_wconf 78' lang='lat'>40.</span> 
     </span>
     <span class='ocr_line' id='line_1_46' title="bbox 237 3133 2495 3181; baseline -0.002 -13"><span class='ocrx_word' id='word_1_661' title='bbox 237 3136 380 3169; x_wconf 84' lang='lat' dir='ltr'>Aelian.</span> <span class='ocrx_word' id='word_1_662' title='bbox 407 3138 495 3168; x_wconf 83' lang='lat' dir='ltr'>Var.</span> <span class='ocrx_word' id='word_1_663' title='bbox 520 3137 610 3168; x_wconf 80' lang='lat' dir='ltr'>Hist.</span> <span class='ocrx_word' id='word_1_664' title='bbox 636 3138 701 3179; x_wconf 85' lang='lat'>1¹1,</span> <span class='ocrx_word' id='word_1_665' title='bbox 731 3137 787 3168; x_wconf 85' lang='lat'>17.</span> <span class='ocrx_word' id='word_1_666' title='bbox 842 3139 894 3170; x_wconf 89' lang='lat' dir='ltr'>De</span> <span class='ocrx_word' id='word_1_667' title='bbox 920 3140 1099 3181; x_wconf 89' lang='lat' dir='ltr'>Socratis,</span> <span class='ocrx_word' id='word_1_668' title='bbox 1133 3141 1191 3179; x_wconf 90' lang='lat' dir='ltr'>qui</span> <span class='ocrx_word' id='word_1_669' title='bbox 1216 3140 1356 3178; x_wconf 89' lang='lat' dir='ltr'>quidem</span> <span class='ocrx_word' id='word_1_670' title='bbox 1389 3140 1465 3177; x_wconf 88' lang='lat' dir='ltr'>ipse</span> <span class='ocrx_word' id='word_1_671' title='bbox 1491 3138 1627 3169; x_wconf 84' lang='lat' dir='ltr'>fidelem</span> <span class='ocrx_word' id='word_1_672' title='bbox 1659 3139 1710 3169; x_wconf 90' lang='lat' dir='ltr'>rei</span> <span class='ocrx_word' id='word_1_673' title='bbox 1750 3139 1908 3177; x_wconf 83' lang='lat' dir='ltr'>publicae</span> <span class='ocrx_word' id='word_1_674' title='bbox 1933 3147 2069 3177; x_wconf 85' lang='lat' dir='ltr'>operam</span> <span class='ocrx_word' id='word_1_675' title='bbox 2095 3135 2291 3176; x_wconf 86' lang='lat' dir='ltr'>praestitit,</span> <span class='ocrx_word' id='word_1_676' title='bbox 2318 3133 2495 3173; x_wconf 87' lang='lat' dir='ltr'>discipulis</span> 
     </span>
     <span class='ocr_line' id='line_1_47' title="bbox 240 3191 2496 3238; baseline -0.001 -12"><span class='ocrx_word' id='word_1_677' title='bbox 240 3195 445 3234; x_wconf 80' lang='lat' dir='ltr'>Aristippus</span> <span class='ocrx_word' id='word_1_678' title='bbox 458 3196 595 3227; x_wconf 86' lang='lat' dir='ltr'>dicebat</span> <span class='ocrx_word' id='word_1_679' title='bbox 609 3196 825 3238; x_wconf 81' lang='lat' dir='ltr'>fugiendam,</span> <span class='ocrx_word' id='word_1_680' title='bbox 849 3198 1080 3228; x_wconf 83' lang='lat' dir='ltr'>Antisthenes</span> <span class='ocrx_word' id='word_1_681' title='bbox 1105 3199 1354 3237; x_wconf 83' lang='lat' dir='ltr'>capessendam</span> <span class='ocrx_word' id='word_1_682' title='bbox 1368 3206 1447 3229; x_wconf 87' lang='lat' dir='ltr'>esse</span> <span class='ocrx_word' id='word_1_683' title='bbox 1470 3204 1544 3227; x_wconf 89' lang='lat' dir='ltr'>rem</span> <span class='ocrx_word' id='word_1_684' title='bbox 1570 3196 1739 3235; x_wconf 89' lang='lat' dir='ltr'>publicam</span> <span class='ocrx_word' id='word_1_685' title='bbox 1766 3196 1926 3236; x_wconf 84' lang='lat' dir='ltr'>sapienti.</span> <span class='ocrx_word' id='word_1_686' title='bbox 1960 3196 2019 3230; x_wconf 85' lang='lat' dir='ltr'>Cf.</span> <span class='ocrx_word' id='word_1_687' title='bbox 2045 3195 2239 3238; x_wconf 81' lang='lat' dir='ltr'>Augustin.</span> <span class='ocrx_word' id='word_1_688' title='bbox 2264 3195 2307 3225; x_wconf 90' lang='lat' dir='ltr'>de</span> <span class='ocrx_word' id='word_1_689' title='bbox 2332 3191 2413 3226; x_wconf 78' lang='lat' dir='ltr'>Civ.</span> <span class='ocrx_word' id='word_1_690' title='bbox 2429 3191 2496 3223; x_wconf 90' lang='lat' dir='ltr'>Dei</span> 
     </span>
     <span class='ocr_line' id='line_1_48' title="bbox 236 3249 2495 3298; baseline -0.001 -12"><span class='ocrx_word' id='word_1_691' title='bbox 236 3252 377 3295; x_wconf 78' lang='lat' dir='ltr'>xvni,</span> <span class='ocrx_word' id='word_1_692' title='bbox 401 3253 460 3287; x_wconf 74' lang='lat'>41.</span> <span class='ocrx_word' id='word_1_693' title='bbox 509 3251 563 3286; x_wconf 89' lang='lat' dir='ltr'>De</span> <span class='ocrx_word' id='word_1_694' title='bbox 587 3256 792 3298; x_wconf 81' lang='lat' dir='ltr'>Pythagora</span> <span class='ocrx_word' id='word_1_695' title='bbox 821 3259 905 3288; x_wconf 85' lang='lat' dir='ltr'>nota</span> <span class='ocrx_word' id='word_1_696' title='bbox 928 3257 1008 3287; x_wconf 85' lang='lat' dir='ltr'>sunt</span> <span class='ocrx_word' id='word_1_697' title='bbox 1031 3256 1160 3289; x_wconf 87' lang='lat' dir='ltr'>omnia.</span> <span class='ocrx_word' id='word_1_698' title='bbox 1219 3253 1336 3294; x_wconf 84' lang='lat' dir='ltr'>Quare</span> <span class='ocrx_word' id='word_1_699' title='bbox 1366 3262 1545 3295; x_wconf 83' lang='lat' dir='ltr'>perperam</span> <span class='ocrx_word' id='word_1_700' title='bbox 1568 3254 1688 3287; x_wconf 85' lang='lat' dir='ltr'>Cicero</span> <span class='ocrx_word' id='word_1_701' title='bbox 1720 3264 1797 3286; x_wconf 91' lang='lat' dir='ltr'>eum</span> <span class='ocrx_word' id='word_1_702' title='bbox 1831 3255 1875 3286; x_wconf 89' lang='lat' dir='ltr'>de</span> <span class='ocrx_word' id='word_1_703' title='bbox 1908 3254 2003 3287; x_wconf 82' lang='lat' dir='ltr'>Orat.</span> <span class='ocrx_word' id='word_1_704' title='bbox 2038 3251 2104 3293; x_wconf 85' lang='lat'>111,</span> <span class='ocrx_word' id='word_1_705' title='bbox 2137 3252 2193 3295; x_wconf 74' lang='lat'>15,</span> <span class='ocrx_word' id='word_1_706' title='bbox 2226 3253 2270 3286; x_wconf 81' lang='lat'>56</span> <span class='ocrx_word' id='word_1_707' title='bbox 2302 3249 2495 3285; x_wconf 86' lang='lat' dir='ltr'>Democrito</span> 
     </span>
     <span class='ocr_line' id='line_1_49' title="bbox 238 3313 2234 3355; baseline 0.001 -12"><span class='ocrx_word' id='word_1_708' title='bbox 238 3315 275 3343; x_wconf 81' lang='lat' dir='ltr'>et</span> <span class='ocrx_word' id='word_1_709' title='bbox 298 3313 531 3355; x_wconf 82' lang='lat' dir='ltr'>Anaxagorae</span> <span class='ocrx_word' id='word_1_710' title='bbox 556 3314 767 3350; x_wconf 87' lang='lat' dir='ltr'>adnumerat,</span> <span class='ocrx_word' id='word_1_711' title='bbox 794 3314 851 3353; x_wconf 87' lang='lat' dir='ltr'>qui</span> <span class='ocrx_word' id='word_1_712' title='bbox 880 3317 973 3347; x_wconf 85' lang='lat' dir='ltr'>totos</span> <span class='ocrx_word' id='word_1_713' title='bbox 998 3324 1036 3346; x_wconf 89' lang='lat' dir='ltr'>se</span> <span class='ocrx_word' id='word_1_714' title='bbox 1062 3324 1081 3346; x_wconf 89' lang='lat' dir='ltr'>a</span> <span class='ocrx_word' id='word_1_715' title='bbox 1107 3324 1144 3346; x_wconf 87' lang='lat' dir='ltr'>re</span> <span class='ocrx_word' id='word_1_716' title='bbox 1170 3314 1307 3354; x_wconf 82' lang='lat' dir='ltr'>publica</span> <span class='ocrx_word' id='word_1_717' title='bbox 1333 3313 1377 3345; x_wconf 90' lang='lat' dir='ltr'>ad</span> <span class='ocrx_word' id='word_1_718' title='bbox 1402 3316 1548 3352; x_wconf 77' lang='lat' dir='ltr'>otiosam</span> <span class='ocrx_word' id='word_1_719' title='bbox 1573 3321 1688 3345; x_wconf 86' lang='lat' dir='ltr'>rerum</span> <span class='ocrx_word' id='word_1_720' title='bbox 1714 3313 1945 3355; x_wconf 89' lang='lat' dir='ltr'>coguitionem</span> <span class='ocrx_word' id='word_1_721' title='bbox 1969 3314 2234 3345; x_wconf 86' lang='lat' dir='ltr'>transtulerunt.</span> 
     </span>
    </p>
   </div>
  </div>
 </body>
</html>
