2684 3832
1333 226 1359 268 5

161 402 278 451 Quod
308 400 430 455 igitur
472 395 521 436 ab
564 394 750 436 omnibus
783 392 961 434 Doribus
1001 391 1068 445 qui
1099 390 1418 445 Peloponnesum
1453 389 1577 431 armis
1617 396 1804 443 ceperant
1842 389 2069 432 institutum
2106 397 2216 442 erat,
2246 392 2285 433 id
2328 407 2450 449 quum
2487 395 2527 435 in

157 468 325 523 reliquis
355 474 493 505 eorum
524 460 746 502 civitatibus
773 458 1039 509 exolevisset‚
1070 458 1239 511 Spartae
1276 464 1408 498 tamen
1445 457 1625 510 Lycurgi
1667 457 1853 498 beneficio
1896 465 2095 500 servatum
2144 465 2217 500 est.
2289 459 2403 501 Hanc
2432 474 2526 502 vero

163 533 439 589 aequalitatem
470 530 504 569 si
532 529 623 582 quis
652 530 708 568 ita
736 527 976 581 cogitatione
1013 525 1090 565 sibi
1120 524 1343 579 effingeret,
1387 530 1430 565 ut
1458 524 1617 577 singula
1656 536 1844 576 agrorum
1878 524 2009 576 spatia
2037 524 2205 577 singulis
2243 525 2357 578 paria
2398 527 2523 568 fuisse

163 612 237 642 nec
265 598 306 637 in
339 597 390 636 iis
419 594 689 635 describendis
716 598 876 646 praeter
903 590 1159 645 decempedas
1199 599 1237 632 et
1266 590 1437 644 perticas
1472 591 1552 631 ulla
1590 603 1635 630 re
1675 601 1778 641 opus
1812 589 1935 630 fuisse
1974 591 2265 640 exsistimant,
2308 591 2368 640 is,
2407 604 2527 645 quum

163 665 235 707 alii
248 663 335 717 agri
349 676 427 703 non
441 667 605 715 possent
629 673 708 700 non
723 672 811 700 esse
831 658 1045 700 fertiliores
1074 656 1145 697 alii
1169 655 1403 709 steriliores,
1426 655 1664 707 Lycurgum
1683 656 1722 696 in
1749 667 1908 695 summa
1940 656 2173 709 aequalitate
2203 670 2396 698 summam
2422 658 2528 698 inae-

160 729 387 784 qualitatem
427 726 613 767 statuisse
647 723 853 779 diceret.⁹)
883 724 1014 765 Facile
1034 723 1156 777 igitur
1176 728 1357 776 apparet,
1391 722 1427 762 si
1460 722 1524 761 vel
1549 722 1720 762 maxime
1746 721 2049 762 Lacedaemonii
2081 723 2179 762 artis
2213 725 2527 775 agrimensoriae

159 794 279 849 periti
307 794 488 842 fuissent,
517 792 557 832 id
578 791 682 845 quod
710 791 827 831 valde
856 790 1096 836 dubitamus,
1123 801 1203 828 non
1232 787 1359 840 spatia
1388 800 1574 840 agrorum
1606 794 1642 827 et
1672 788 1822 827 formas
1850 789 2033 839 aequales
2061 788 2195 839 fuisse,
2227 790 2297 828 sed
2323 790 2522 830 redituum

162 875 210 902 ex
239 861 288 901 iis
318 857 670 912 percipiendorum
697 857 849 897 modos.
863 853 920 909 ¹⁰)
976 855 1112 908 Neque
1141 856 1178 893 si
1205 866 1411 894 numerum
1440 859 1595 906 spectas
1623 854 1759 907 plures
1789 853 1853 893 illi
1882 853 1968 906 agri
1998 862 2122 905 erant,
2141 868 2255 908 quam
2282 868 2384 909 quos
2411 857 2520 897 rudis

164 932 341 967 veterum
385 935 451 964 ars
489 921 601 963 nulla
637 922 833 975 exquisita
869 920 1242 960 mathematicorum
1280 918 1445 959 scientia
1483 918 1523 959 in
1570 919 1763 960 auxilium
1818 926 1960 960 vocata
2010 920 2236 961 describere
2274 926 2422 974 posset.
2456 921 2516 973 ιι)

160 992 257 1036 Νοιι
284 990 401 1033 facile
428 988 534 1031 enim
561 987 770 1043 quisquam
806 994 932 1028 totum
958 987 1118 1040 triginta
1147 998 1288 1026 novem
1329 986 1484 1026 milium
1518 998 1705 1039 agrorum
1746 999 1951 1027 numerum
1981 986 2187 1040 impletum
2214 988 2340 1028 fuisse
2369 988 2525 1038 dixerit,

159 1070 305 1112 magna
330 1056 532 1097 Laconiae
555 1061 682 1109 parte,
711 1067 787 1108 qua
814 1060 953 1107 postea
979 1052 1167 1105 Spartani
1194 1052 1311 1105 potiti
1340 1058 1449 1103 sunt,
1478 1052 1652 1092 nondum
1683 1059 1924 1106 expugnata.
1944 1051 2003 1106 ¹²)
2069 1052 2122 1093 Et
2149 1066 2196 1093 ne
2224 1054 2323 1094 hanc
2366 1055 2525 1108 quidem

162 1123 464 1179 possessionum
492 1121 768 1176 aequalitatem
805 1120 903 1162 satis
931 1132 1119 1173 magnum
1149 1131 1248 1159 suae
1275 1118 1333 1159 rei
1369 1117 1551 1172 publicae
1586 1117 1872 1160 firmamentum
1917 1132 2002 1160 esse
2049 1119 2266 1160 arbitratus
2305 1120 2527 1175 Lycurgus,

275 1350 574 1399 Λακεδαιμονίων
597 1349 771 1393 πολιτείας
796 1348 888 1385 ἴδιον
912 1346 1003 1386 εἶναί
1025 1358 1117 1397 φασι
1143 1355 1280 1401 πρῶτον
1304 1354 1367 1397 μὲν
1390 1348 1435 1385 τά
1461 1355 1534 1401 περὶ
1557 1349 1621 1393 τάς
1648 1352 1810 1398 ἐγγαίους
1835 1349 1979 1396 κτήσεις,
2007 1346 2058 1387 ὧν
2083 1350 2205 1388 σι’-δενὶ
2229 1355 2362 1398 μέτεστι
2387 1350 2519 1396 πλεῖον,

267 1409 370 1449 ,ἄλλα
397 1407 533 1452 πάντας
556 1406 640 1451 τούς
664 1407 809 1450 πολίτας
835 1410 912 1444 ἴσον
936 1409 1029 1455 ἔχειν
1053 1407 1111 1444 δεῖ
1130 1413 1189 1450 τῆς
1213 1407 1391 1450 πολιτικῆς
1415 1407 1557 1458 χώρας,
1597 1415 1699 1445 modo
1731 1424 1773 1445 ne
1798 1414 1873 1451 quis
1897 1407 1961 1450 τήν
1987 1408 2169 1451 πολιτικήν
2193 1408 2317 1457 χώραν
2350 1413 2524 1453 publicum

279 1472 426 1512 aliquem
452 1479 587 1514 agrum,
613 1470 724 1509 qualis
749 1470 839 1510 apud
864 1471 1040 1501 Romanos
1065 1470 1183 1509 fuerit,
1210 1468 1322 1501 fuisse
1346 1471 1473 1501 credat.

212 1554 245 1592 ⁹)
278 1556 410 1586 Eadem
437 1555 480 1586 de
504 1562 613 1585 causa
637 1553 875 1592 perioecorum
900 1554 1016 1584 sortes
1042 1553 1295 1591 Spartanorum
1322 1552 1418 1593 agris
1444 1562 1510 1583 non
1536 1553 1699 1591 aequales
1725 1552 1833 1583 fuisse
1860 1555 2129 1583 consentaneum
2156 1555 2222 1584 est.
2259 1553 2344 1583 Nam
2372 1553 2525 1583 victores

277 1613 439 1652 optimam
466 1612 502 1643 et
529 1610 708 1642 maximam
735 1612 871 1650 partem
897 1616 1062 1652 agrorum
1087 1610 1151 1640 sibi
1175 1609 1386 1650 sumpsisse,
1422 1610 1533 1640 minus
1567 1610 1686 1641 felices
1723 1610 1827 1641 victis
1854 1610 2041 1648 reliquisse
2066 1610 2208 1650 putandi
2233 1613 2332 1648 sunt,
2364 1610 2524 1649 quaudo-

280 1670 414 1708 quidem
447 1669 697 1709 Spartanorum
721 1670 839 1700 sortes
867 1669 908 1700 ob
940 1667 974 1699 id
1001 1666 1110 1708 ipsum
1136 1667 1284 1700 maiores
1317 1677 1395 1699 esse
1435 1668 1626 1707 debebant,
1665 1669 1755 1708 quod
1781 1671 1832 1699 tot
1859 1669 2064 1699 Helotarum
2098 1669 2212 1708 capita
2244 1670 2385 1707 praeter
2410 1669 2523 1707 Spar-

276 1731 376 1758 tanos
410 1737 452 1758 ex
486 1727 529 1756 iis
560 1727 669 1756 vitam
701 1728 961 1757 sustentabant.
1019 1726 1076 1758 Cf.
1103 1726 1141 1757 C.
1168 1727 1211 1759 F.
1238 1728 1425 1757 Hel-manni
1450 1726 1625 1764 Antiquit.
1663 1729 1745 1758 Lac.
1774 1727 1834 1759 lib.
1862 1725 1924 1758 lv.
1958 1737 1986 1765 p.
2014 1726 2091 1758 171.
2152 1726 2302 1756 Accedit
2334 1726 2424 1763 quod
2458 1727 2523 1756 hoc

276 1796 408 1824 quoque
443 1793 608 1827 agrorum
641 1784 710 1815 situ
746 1786 780 1816 et
818 1784 918 1815 modo
943 1783 1092 1823 perioeci
1117 1784 1165 1816 ita
1189 1791 1212 1815 a
1240 1783 1423 1824 Spartanis
1454 1784 1588 1816 diversi
1623 1788 1748 1825 erant,
1784 1787 1822 1816 ut
1854 1792 2038 1824 numquam
2085 1794 2143 1815 eos
2188 1785 2347 1823 ‹piamvis
2384 1785 2521 1823 plurimi

273 1851 416 1875 numero
441 1845 501 1875 aut
524 1842 700 1882 opulentia
725 1850 876 1881 aequare
901 1843 960 1873 vel
984 1843 1076 1874 inter
1100 1852 1138 1874 se
1161 1842 1363 1882 conspirare
1389 1845 1557 1884 possent,
1590 1843 1652 1874 sed
1682 1843 1757 1875 eius
1782 1851 1923 1881 semper
1954 1843 2038 1874 iuris
2076 1851 2244 1874 memores
2279 1845 2418 1883 essent,
2455 1852 2520 1881 quo

279 1899 443 1938 Spartani
480 1899 607 1929 domini
641 1906 758 1929 eorum
798 1898 886 1928 facti
918 1901 1046 1928 essent.
1106 1897 1215 1929 lsocr.
1248 1900 1391 1929 Panath.
1426 1901 1457 1937 §-
1487 1900 1553 1929 179
1583 1901 1702 1929 ταῦτα
1731 1895 1771 1929 δὲ
1803 1895 2005 1944 πράξαντας
2038 1901 2099 1935 τῆς
2131 1895 2250 1943 χώρας
2282 1894 2418 1936 αὐτούς
2450 1902 2515 1939 μέν

276 1952 397 1996 λαβεῖν
430 1950 570 1998 ὀλίγους
596 1949 700 1993 ὄντας
740 1949 785 1987 οὐ
811 1950 921 1997 μόνον
943 1949 1006 1993 τήν
1031 1948 1191 1998 ἀρίστην,
1225 1949 1319 1988 ἄλλα
1350 1956 1412 1988 καὶ
1445 1949 1626 1995 τοσαύτην
1651 1950 1739 1994 ὅσην
1763 1950 1902 1994 οὐδένες
1927 1958 1997 1988 τῶν
2018 1949 2198 1994 Ἑλλήνων
2223 1952 2359 1999 ἔχουσι,
2394 1956 2442 1999 τῷ
2480 1950 2520 1988 δὲ

273 2007 401 2054 πλήθει
420 2009 631 2053 τηλικοῦτον
656 2006 846 2057 ἀπονεῖμαι
871 2011 972 2059 μέρος
995 2014 1054 2052 τῆς
1076 2010 1261 2059 χειρίστης,
1288 2006 1360 2053 ὢςτ’
1388 2009 1557 2053 ἐπιπόνως
1584 2011 1838 2062 ἐργαζομένους
1866 2008 1965 2056 μόλις
1990 2010 2083 2058 ἔχειν
2106 2007 2148 2045 τό
2174 2007 2256 2046 καθ’
2280 2008 2423 2061 ἡμέραν.

196 2105 244 2146 ¹⁰)
271 2106 367 2138 Idem
400 2105 500 2138 Plato
533 2113 669 2145 quoque
699 2107 814 2148 Legg.
840 2107 885 2137 V.
911 2115 942 2146 p.
972 2105 1052 2139 745.
1087 2105 1127 2137 C.
1162 2106 1236 2136 fieri
1270 2106 1398 2136 voluit:
1445 2102 1506 2137 ἶσα
1536 2101 1575 2137 δὲ
1616 2102 1671 2137 δεῖ
1706 2104 1889 2150 γίγνεσθαι
1920 2101 1966 2137 τοὶ
2007 2100 2148 2137 δώδεκα
2181 2104 2266 2151 μέρη
2301 2109 2351 2151 τῷ
2382 2102 2427 2139 τά
2458 2109 2522 2151 μέν

272 2158 417 2207 ἀγαθῆς
442 2166 503 2207 γῆς
529 2156 620 2196 εἶναι
645 2158 787 2209 σμικροὶ,
814 2157 860 2195 τά
885 2158 925 2195 δὲ
949 2161 1107 2209 χείρονος
1130 2160 1244 2207 μείζω.

195 2246 241 2286 ¹¹)
269 2246 433 2285 Spartani
460 2247 548 2277 enim
576 2246 634 2285 qui
659 2247 847 2276 Laconiam
885 2247 1129 2288 expugnabant
1163 2246 1306 2285 amplius
1340 2247 1406 2277 duo
1441 2245 1535 2276 milia
1567 2255 1631 2277 non
1667 2246 1775 2276 fuisse
1807 2247 1979 2277 dicuntur.
2035 2245 2141 2279 Isocr.
2180 2246 2329 2279 Pauutb.
2364 2249 2398 2286 S.
2423 2247 2508 2281 255.

273 2298 391 2341 ἐπειδὴ
415 2299 454 2335 δὲ
478 2297 561 2348 πρὸς
590 2298 769 2347 Ἀργείους
794 2303 856 2335 καὶ
881 2300 1102 2342 Μεσσηνίους
1134 2296 1198 2341 τήν
1240 2297 1365 2347 χώραν
1396 2296 1568 2334 διείλοντο
1594 2302 1656 2333 καὶ
1690 2296 1773 2334 καθ’
1800 2297 1933 2340 αὐτούς
1964 2300 1999 2333 ἐν
2032 2297 2177 2349 Σπάρτῃ
2209 2299 2445 2347 κατῴκησαν,
2477 2302 2514 2336 ἐν

272 2355 411 2400 τούτοις
443 2363 516 2399 τοῖς
549 2363 685 2406 καιροῖς
718 2362 891 2393 τοσοῦτον
925 2362 1102 2406 φρονῆσαι
1136 2355 1205 2404 φῇς
1230 2354 1379 2400 αὐτούς,
1407 2354 1489 2397 ὦςτε
1514 2355 1617 2397 ὀιτας
1642 2353 1687 2391 οὐ
1712 2353 1849 2397 πλείους
1879 2354 1955 2391 τότε
1990 2355 2170 2403 διςχιλίων
2203 2355 2277 2405 οὔχ
2304 2355 2513 2404 ἡγήσασθαι

270 2419 365 2460 σφᾶς
390 2411 524 2456 αὐτούς
549 2411 670 2461 ἀξίους
692 2410 782 2449 εἶναι
805 2415 882 2460 ζῆν,
909 2415 937 2449 εἰ
961 2412 1009 2460 μή
1040 2412 1205 2450 δεσπόται
1229 2418 1352 2450 πασῶν
1375 2418 1446 2450 τῶν
1471 2414 1507 2449 ἐν
1531 2411 1785 2460 Πελοποννήσῳ
1810 2411 1942 2450 πόλεων
1966 2415 2132 2460 γενέσθαι
2157 2413 2360 2458 δυνηθεῖεν.

192 2495 241 2535 ¹²)
267 2495 428 2537 Inprimis
454 2500 495 2529 ab
521 2507 642 2531 eorum
668 2500 901 2540 imprudentia
925 2500 1118 2530 cavendum
1143 2501 1220 2539 est,
1258 2498 1315 2537 qui
1341 2502 1401 2529 aut
1426 2499 1528 2530 nimio
1552 2499 1698 2530 omnium
1724 2506 1839 2530 rerum
1865 2499 2146 2538 explicandarum
2180 2501 2298 2533 studio
2331 2503 2391 2533 aut
2423 2511 2516 2534 vana

268 2553 461 2586 subtilioris
486 2556 665 2590 doctrinae
688 2558 917 2590 ostentandae
943 2556 1133 2597 cupiditate
1159 2556 1252 2587 ducti
1277 2556 1360 2587 nibil
1385 2564 1509 2587 recens
1534 2556 1712 2587 inventum
1735 2559 1793 2587 aut
1811 2557 1916 2587 semel
1943 2557 2072 2587 sactum
2098 2565 2176 2588 esse
2201 2559 2267 2588 sibi
2292 2560 2518 2604 persuadent,

267 2612 329 2642 sed
353 2613 465 2643 omnia
490 2615 533 2644 ad
559 2616 827 2654 praeteritarum
853 2624 968 2647 rerum
993 2616 1195 2647 memoriam
1219 2615 1276 2646 vel
1300 2615 1523 2646 imitationem
1549 2615 1720 2653 quandam
1750 2615 1909 2646 instituta
1932 2624 2010 2646 esse
2035 2615 2270 2655 suspicantur.
2304 2617 2341 2647 In
2366 2625 2511 2655 quorum

268 2679 448 2702 numerum
474 2672 683 2704 referendus
710 2676 764 2705 est
788 2674 1001 2713 Kortum1us,
1027 2674 1083 2705 vir
1109 2673 1259 2712 alioquin
1283 2673 1485 2715 ingeniosus
1518 2675 1554 2703 et
1578 2673 1612 2703 in
1637 2673 1801 2703 universa
1827 2673 2034 2711 antiquitate
2060 2675 2312 2712 quummaxime
2341 2679 2517 2719 versatus,

266 2729 323 2766 qui
349 2729 383 2759 in
408 2731 578 2768 peculiari
601 2732 717 2762 libello
748 2730 882 2762 Wesen
908 2731 980 2762 und
1001 2729 1192 2762 Sckicksal
1224 2730 1289 2762 der
1318 2729 1463 2762 dori-sch
1479 2747 1497 2754 -
1517 2728 1748 2762 lakouiscken
1778 2729 2166 2772 Acheryeselzqebuny
2196 2742 2216 2763 a
2249 2743 2287 2764 se
2320 2734 2517 2774 conscripto

270 2790 305 2818 et
345 2787 379 2818 iu
413 2788 610 2822 Schlosseri
645 2792 681 2822 et
712 2790 865 2822 Berclitii
895 2789 1034 2822 Archiv
1070 2788 1131 2820 fiir
1156 2787 1364 2820 Geschicnte
1398 2789 1467 2821 und
1505 2789 1684 2820 Literatur
1715 2790 1810 2823 Tom.
1849 2790 1913 2821 lv.
1949 2798 1981 2829 p.
2009 2789 2209 2821 133-130
2240 2790 2340 2830 typis
2379 2800 2517 2831 excuso,

265 2846 385 2877 verbis
409 2847 596 2886 praecipue
623 2846 787 2880 Isocratis
809 2847 1008 2879 Archidam.
1035 2847 1068 2886 S.
1092 2844 1138 2877 20
1164 2839 1401 2893 στρατόπεδον
1424 2839 1681 2889 συστησάμενοι
1714 2840 1778 2884 τήν
1802 2846 1866 2890 μὲν
1890 2840 1986 2878 ἰδίαν
2009 2841 2136 2893 χώραν
2160 2845 2204 2887 εἰς
2227 2842 2270 2881 τό
2296 2844 2416 2882 κοινόν
2438 2852 2515 2890 τοῖς

266 2897 633 2942 συνακολουθήσασιν
669 2899 822 2947 ἔδοσαν,
862 2899 926 2942 τήν
958 2902 996 2935 δὲ
1027 2898 1209 2943 βασιλείαν
1242 2901 1416 2951 ἐξαίρετον
1450 2899 1557 2935 αὐτοὶ
1588 2898 1664 2949 παρ’
1700 2901 1837 2935 ἐκείνων
1870 2899 2022 2946 ἔλαβον,
2062 2903 2116 2935 ἐπὶ
2147 2901 2185 2935 δὲ
2216 2900 2355 2944 τούτοις
2389 2906 2517 2946 πίστεις

268 2952 436 3000 ἀλλήλοις
469 2954 588 3001 δόντες
625 2959 814 2996 ἐποιοῦντο
844 2956 909 3000 τήν
940 2959 1122 3009 στρατείαν
1152 2962 1315 2994 inductus
1346 2962 1538 2994 Laconicae
1570 2965 1688 2994 terrae
1721 2963 1988 3002 occupationem
2021 2965 2195 3001 totamque
2226 2962 2320 2995 illam
2353 2973 2516 3006 agrorum

268 3018 547 3051 distributionem
575 3027 654 3051 cum
678 3020 941 3061 expugnatione
967 3020 1106 3051 Galliae
1130 3029 1150 3049 a
1175 3018 1360 3051 Germanis
1385 3021 1478 3050 facta
1503 3029 1576 3050 cum
1598 3027 1785 3058 eorumque
1810 3021 1978 3051 comitutu
1996 3021 2239 3058 exercitusque
2253 3023 2512 3061 conscriptione

264 3078 459 3115 comparat:
484 3075 555 3108 Die
577 3075 714 3109 Dorier
737 3077 920 3110 erobereen
943 3077 1010 3109 den
1036 3075 1258 3117 Peloponnes
1281 3076 1399 3109 durch
1427 3075 1656 3118 Verbinduny
1680 3075 1740 3109 des
1766 3076 1999 3109 Hecu-oannes
2026 3075 2089 3108 mie
2111 3076 2179 3108 den
2206 3075 2515 3121 Gesolyschalhn,

262 3129 368 3164 bleibc
395 3131 463 3175 fiir
489 3132 547 3166 die
577 3133 794 3177 Erkldrunq
835 3135 901 3168 der
933 3132 1173 3176 ayrart'schen
1208 3133 1424 3176 ordnunqen
1470 3134 1536 3166 der
1567 3133 1718 3167 Ieilende
1751 3133 2041 3175 Gesichtspunkl.
2072 3134 2097 3166 1.
2132 3133 2156 3165 1.
2190 3144 2220 3174 p.
2256 3134 2337 3167 134.
2393 3137 2517 3168 Perni-

265 3189 350 3221 ciosi
391 3189 488 3222 illius
525 3193 632 3224 studii
669 3202 690 3224 a
728 3192 769 3225 C.
806 3194 848 3225 F.
884 3194 1078 3225 Hermanno
1115 3193 1149 3224 in
1185 3193 1371 3232 Antiquitt.
1406 3193 1490 3226 Lac.
1516 3202 1549 3231 p.
1577 3190 1646 3222 165
1683 3192 1867 3233 improbati
1895 3192 1960 3222 alia
1985 3192 2018 3222 in
2044 3192 2197 3223 eiusdem
2230 3193 2419 3224 doctissimi
2445 3193 2516 3224 viri

260 3247 415 3279 Historia
437 3249 673 3283 Romanorum
698 3251 858 3283 Heidelb.
883 3250 977 3283 1843
1001 3252 1211 3283 documenta
1237 3251 1462 3282 inveniuntur
1477 3273 1485 3289 ‚
1518 3248 1553 3281 in
1585 3259 1652 3289 qua
1687 3260 1754 3282 non
1792 3260 1901 3291 pauca
1925 3250 2043 3289 populi
2068 3251 2219 3282 Romani
2244 3252 2406 3283 instituta
2439 3262 2516 3283 cum

259 3304 504 3339 Helvetiorum
531 3308 701 3350 moribus,
733 3319 817 3349 quos
849 3309 984 3349 quidem
1021 3318 1088 3341 usu
1119 3310 1267 3343 edoctus
1298 3308 1423 3350 optime
1467 3308 1625 3351 cognitos
1660 3309 1823 3342 habetet
1855 3311 2077 3357 perspectos,
2111 3310 2172 3341 vel
2197 3318 2265 3342 non
2295 3311 2378 3343 data
2412 3320 2518 3352 opera

260 3364 362 3397 modo
386 3363 544 3410 felicius>u
550 3368 649 3399 modo
674 3367 846 3400 infelicius
870 3370 1131 3409 componuntur.

2228 3425 2245 3448 2
