<?xml version="1.0" encoding="UTF-8"?>
<!DOCTYPE html PUBLIC "-//W3C//DTD XHTML 1.0 Transitional//EN"
    "http://www.w3.org/TR/xhtml1/DTD/xhtml1-transitional.dtd">
<html xmlns="http://www.w3.org/1999/xhtml" xml:lang="en" lang="en">
 <head>
  <title>
</title>
<meta http-equiv="Content-Type" content="text/html;charset=utf-8" />
  <meta name='ocr-system' content='tesseract 3.04.00' />
  <meta name='ocr-capabilities' content='ocr_page ocr_carea ocr_par ocr_line ocrx_word'/>
</head>
<body>
  <div class='ocr_page' id='page_1' title='image "./4769644_0017.png"; bbox 0 0 2684 3832; ppageno 0'>
   <div class='ocr_carea' id='block_1_1' title="bbox 1309 212 1335 253">
    <p class='ocr_par' dir='ltr' id='par_1_1' title="bbox 1309 212 1335 253">
     <span class='ocr_line' id='line_1_1' title="bbox 1309 212 1335 253; baseline 0 0"><span class='ocrx_word' id='word_1_1' title='bbox 1309 212 1335 253; x_wconf 82' lang='lat'>9</span> 
     </span>
    </p>
   </div>
   <div class='ocr_carea' id='block_1_2' title="bbox 130 376 2505 900">
    <p class='ocr_par' dir='ltr' id='par_1_2' title="bbox 130 376 2505 900">
     <span class='ocr_line' id='line_1_2' title="bbox 130 376 2505 437; baseline -0.003 -11"><span class='ocrx_word' id='word_1_2' title='bbox 130 384 269 437; x_wconf 80' lang='lat' dir='ltr'><strong>negari</strong></span> <span class='ocrx_word' id='word_1_3' title='bbox 296 396 377 425; x_wconf 91' lang='lat' dir='ltr'><strong>non</strong></span> <span class='ocrx_word' id='word_1_4' title='bbox 415 385 567 435; x_wconf 89' lang='lat' dir='ltr'><strong>potest,</strong></span> <span class='ocrx_word' id='word_1_5' title='bbox 598 392 673 434; x_wconf 89' lang='lat' dir='ltr'><strong>quo</strong></span> <span class='ocrx_word' id='word_1_6' title='bbox 704 378 870 434; x_wconf 90' lang='lat' dir='ltr'><strong>propius</strong></span> <span class='ocrx_word' id='word_1_7' title='bbox 900 378 949 417; x_wconf 87' lang='lat' dir='ltr'><strong>ad</strong></span> <span class='ocrx_word' id='word_1_8' title='bbox 979 376 1212 417; x_wconf 85' lang='lat' dir='ltr'><strong>solvendam</strong></span> <span class='ocrx_word' id='word_1_9' title='bbox 1252 376 1352 416; x_wconf 86' lang='lat' dir='ltr'><strong>hanc</strong></span> <span class='ocrx_word' id='word_1_10' title='bbox 1394 376 1670 430; x_wconf 88' lang='lat' dir='ltr'><strong>quaestionem</strong></span> <span class='ocrx_word' id='word_1_11' title='bbox 1700 378 1953 428; x_wconf 83' lang='lat' dir='ltr'><strong>accedamus,</strong></span> <span class='ocrx_word' id='word_1_12' title='bbox 1998 390 2048 417; x_wconf 90' lang='lat' dir='ltr'><strong>eo</strong></span> <span class='ocrx_word' id='word_1_13' title='bbox 2088 379 2260 419; x_wconf 83' lang='lat' dir='ltr'><strong>maiores</strong></span> <span class='ocrx_word' id='word_1_14' title='bbox 2294 392 2505 420; x_wconf 88' lang='lat' dir='ltr'><strong>occurrere</strong></span> 
     </span>
     <span class='ocr_line' id='line_1_3' title="bbox 131 441 2502 500; baseline -0.003 -9"><span class='ocrx_word' id='word_1_15' title='bbox 131 450 397 493; x_wconf 82' lang='lat' dir='ltr'><strong>difficultates.</strong></span> <span class='ocrx_word' id='word_1_16' title='bbox 454 447 674 488; x_wconf 89' lang='lat' dir='ltr'><strong>Divendere</strong></span> <span class='ocrx_word' id='word_1_17' title='bbox 702 446 863 500; x_wconf 90' lang='lat' dir='ltr'><strong>quidem</strong></span> <span class='ocrx_word' id='word_1_18' title='bbox 891 456 1013 497; x_wconf 84' lang='lat' dir='ltr'><strong>agros</strong></span> <span class='ocrx_word' id='word_1_19' title='bbox 1042 443 1104 482; x_wconf 86' lang='lat' dir='ltr'><strong>vel</strong></span> <span class='ocrx_word' id='word_1_20' title='bbox 1133 441 1371 486; x_wconf 70' lang='lat' dir='ltr'><strong>denodare</strong></span> <span class='ocrx_word' id='word_1_21' title='bbox 1406 455 1486 483; x_wconf 90' lang='lat' dir='ltr'><strong>non</strong></span> <span class='ocrx_word' id='word_1_22' title='bbox 1527 443 1696 483; x_wconf 81' lang='lat' dir='ltr'>licebat:</span> <span class='ocrx_word' id='word_1_23' title='bbox 1719 442 1785 495; x_wconf 77' lang='lat'><strong>²⁴)</strong></span> <span class='ocrx_word' id='word_1_24' title='bbox 1828 444 2020 483; x_wconf 84' lang='lat' dir='ltr'><strong>licebatne</strong></span> <span class='ocrx_word' id='word_1_25' title='bbox 2058 444 2241 497; x_wconf 86' lang='lat' dir='ltr'><strong>singulas</strong></span> <span class='ocrx_word' id='word_1_26' title='bbox 2279 454 2407 487; x_wconf 84' lang='lat' dir='ltr'><strong>sortes</strong></span> <span class='ocrx_word' id='word_1_27' title='bbox 2449 447 2502 487; x_wconf 84' lang='lat' dir='ltr'><strong>ad</strong></span> 
     </span>
     <span class='ocr_line' id='line_1_4' title="bbox 133 509 2503 571; baseline -0.002 -14"><span class='ocrx_word' id='word_1_28' title='bbox 133 517 277 571; x_wconf 88' lang='lat' dir='ltr'><strong>plures</strong></span> <span class='ocrx_word' id='word_1_29' title='bbox 306 516 411 556; x_wconf 86' lang='lat' dir='ltr'><strong>tilios</strong></span> <span class='ocrx_word' id='word_1_30' title='bbox 431 515 608 556; x_wconf 85' lang='lat' dir='ltr'><strong>eiusdem</strong></span> <span class='ocrx_word' id='word_1_31' title='bbox 638 514 762 567; x_wconf 88' lang='lat' dir='ltr'><strong>patris</strong></span> <span class='ocrx_word' id='word_1_32' title='bbox 791 512 1009 552; x_wconf 84' lang='lat' dir='ltr'><strong>transferre</strong></span> <span class='ocrx_word' id='word_1_33' title='bbox 1039 510 1102 549; x_wconf 88' lang='lat' dir='ltr'><strong>vel</strong></span> <span class='ocrx_word' id='word_1_34' title='bbox 1121 509 1238 549; x_wconf 81' lang='lat' dir='ltr'><strong>binos</strong></span> <span class='ocrx_word' id='word_1_35' title='bbox 1266 521 1386 561; x_wconf 87' lang='lat' dir='ltr'><strong>agros</strong></span> <span class='ocrx_word' id='word_1_36' title='bbox 1407 509 1662 561; x_wconf 84' lang='lat' dir='ltr'><strong>coniungere,</strong></span> <span class='ocrx_word' id='word_1_37' title='bbox 1693 515 1734 548; x_wconf 92' lang='lat' dir='ltr'><strong>ut</strong></span> <span class='ocrx_word' id='word_1_38' title='bbox 1762 516 1829 548; x_wconf 82' lang='lat' dir='ltr'><strong>aut</strong></span> <span class='ocrx_word' id='word_1_39' title='bbox 1858 509 2056 548; x_wconf 86' lang='lat' dir='ltr'><strong>divisione</strong></span> <span class='ocrx_word' id='word_1_40' title='bbox 2083 509 2291 548; x_wconf 78' lang='lat' dir='ltr'><strong>fundorum</strong></span> <span class='ocrx_word' id='word_1_41' title='bbox 2308 514 2503 562; x_wconf 83' lang='lat' dir='ltr'><strong>permissa</strong></span> 
     </span>
     <span class='ocr_line' id='line_1_5' title="bbox 135 575 2494 633; baseline -0.003 -9"><span class='ocrx_word' id='word_1_42' title='bbox 135 586 426 633; x_wconf 87' lang='lat' dir='ltr'><strong>minuerentur,</strong></span> <span class='ocrx_word' id='word_1_43' title='bbox 456 587 523 621; x_wconf 88' lang='lat' dir='ltr'><strong>aut</strong></span> <span class='ocrx_word' id='word_1_44' title='bbox 549 580 786 621; x_wconf 84' lang='lat' dir='ltr'><strong>accessione</strong></span> <span class='ocrx_word' id='word_1_45' title='bbox 813 579 920 619; x_wconf 82' lang='lat' dir='ltr'><strong>sacta</strong></span> <span class='ocrx_word' id='word_1_46' title='bbox 950 582 1214 629; x_wconf 82' lang='lat' dir='ltr'><strong>augerentur3</strong></span> <span class='ocrx_word' id='word_1_47' title='bbox 1258 583 1373 629; x_wconf 86' lang='lat' dir='ltr'><strong>atque</strong></span> <span class='ocrx_word' id='word_1_48' title='bbox 1400 576 1434 614; x_wconf 89' lang='lat' dir='ltr'><strong>si</strong></span> <span class='ocrx_word' id='word_1_49' title='bbox 1461 588 1539 615; x_wconf 90' lang='lat' dir='ltr'><strong>non</strong></span> <span class='ocrx_word' id='word_1_50' title='bbox 1574 587 1694 627; x_wconf 86' lang='lat' dir='ltr'><strong>agros</strong></span> <span class='ocrx_word' id='word_1_51' title='bbox 1723 576 1857 628; x_wconf 82' lang='lat' dir='ltr'><strong>ipsos,</strong></span> <span class='ocrx_word' id='word_1_52' title='bbox 1902 575 1972 614; x_wconf 90' lang='lat' dir='ltr'><strong>sed</strong></span> <span class='ocrx_word' id='word_1_53' title='bbox 2002 576 2154 615; x_wconf 78' lang='lat' dir='ltr'><strong>fructus</strong></span> <span class='ocrx_word' id='word_1_54' title='bbox 2193 583 2324 616; x_wconf 91' lang='lat' dir='ltr'><strong>tamen</strong></span> <span class='ocrx_word' id='word_1_55' title='bbox 2365 591 2412 617; x_wconf 80' lang='lat' dir='ltr'><strong>ex</strong></span> <span class='ocrx_word' id='word_1_56' title='bbox 2442 580 2494 619; x_wconf 83' lang='lat' dir='ltr'><strong>iis</strong></span> 
     </span>
     <span class='ocr_line' id='line_1_6' title="bbox 130 640 2502 705; baseline -0.002 -14"><span class='ocrx_word' id='word_1_57' title='bbox 130 656 337 705; x_wconf 88' lang='lat' dir='ltr'><strong>perceptos</strong></span> <span class='ocrx_word' id='word_1_58' title='bbox 364 648 488 689; x_wconf 90' lang='lat' dir='ltr'><strong>dividi</strong></span> <span class='ocrx_word' id='word_1_59' title='bbox 516 648 690 701; x_wconf 86' lang='lat' dir='ltr'><strong>potuisse</strong></span> <span class='ocrx_word' id='word_1_60' title='bbox 717 646 900 696; x_wconf 84' lang='lat' dir='ltr'>dicimus,</span> <span class='ocrx_word' id='word_1_61' title='bbox 929 645 992 698; x_wconf 91' lang='lat' dir='ltr'><strong>qui</strong></span> <span class='ocrx_word' id='word_1_62' title='bbox 1014 643 1171 684; x_wconf 81' lang='lat' dir='ltr'><strong>tandem</strong></span> <span class='ocrx_word' id='word_1_63' title='bbox 1200 640 1286 682; x_wconf 88' lang='lat' dir='ltr'><strong>fieri</strong></span> <span class='ocrx_word' id='word_1_64' title='bbox 1311 642 1442 695; x_wconf 89' lang='lat' dir='ltr'><strong>potuit</strong></span> <span class='ocrx_word' id='word_1_65' title='bbox 1459 650 1502 683; x_wconf 90' lang='lat' dir='ltr'><strong>ut</strong></span> <span class='ocrx_word' id='word_1_66' title='bbox 1531 650 1730 683; x_wconf 76' lang='lat' dir='ltr'>crescente</span> <span class='ocrx_word' id='word_1_67' title='bbox 1758 642 1910 683; x_wconf 83' lang='lat' dir='ltr'><strong>familia</strong></span> <span class='ocrx_word' id='word_1_68' title='bbox 1945 643 1983 682; x_wconf 93' lang='lat' dir='ltr'><strong>id</strong></span> <span class='ocrx_word' id='word_1_69' title='bbox 2012 643 2116 698; x_wconf 87' lang='lat' dir='ltr'><strong>quod</strong></span> <span class='ocrx_word' id='word_1_70' title='bbox 2142 645 2277 697; x_wconf 81' lang='lat' dir='ltr'>paucis</span> <span class='ocrx_word' id='word_1_71' title='bbox 2307 646 2407 685; x_wconf 87' lang='lat' dir='ltr'><strong>satis</strong></span> <span class='ocrx_word' id='word_1_72' title='bbox 2441 660 2502 687; x_wconf 90' lang='lat' dir='ltr'><strong>es-</strong></span> 
     </span>
     <span class='ocr_line' id='line_1_7' title="bbox 133 708 2502 770; baseline -0.003 -12"><span class='ocrx_word' id='word_1_73' title='bbox 133 723 193 758; x_wconf 86' lang='lat' dir='ltr'><strong>set</strong></span> <span class='ocrx_word' id='word_1_74' title='bbox 222 717 486 770; x_wconf 88' lang='lat' dir='ltr'><strong>plurimorum</strong></span> <span class='ocrx_word' id='word_1_75' title='bbox 515 712 812 754; x_wconf 87' lang='lat' dir='ltr'><strong>necessitatibus</strong></span> <span class='ocrx_word' id='word_1_76' title='bbox 828 715 1070 764; x_wconf 73' lang='lat' dir='ltr'><strong>suppeteret3</strong></span> <span class='ocrx_word' id='word_1_77' title='bbox 1107 708 1198 761; x_wconf 91' lang='lat' dir='ltr'><strong>quid</strong></span> <span class='ocrx_word' id='word_1_78' title='bbox 1228 709 1395 763; x_wconf 88' lang='lat' dir='ltr'><strong>denique</strong></span> <span class='ocrx_word' id='word_1_79' title='bbox 1422 709 1567 750; x_wconf 86' lang='lat' dir='ltr'><strong>sactum</strong></span> <span class='ocrx_word' id='word_1_80' title='bbox 1587 708 1621 748; x_wconf 91' lang='lat' dir='ltr'><strong>si</strong></span> <span class='ocrx_word' id='word_1_81' title='bbox 1644 715 1873 760; x_wconf 80' lang='lat' dir='ltr'><strong>tempestate</strong></span> <span class='ocrx_word' id='word_1_82' title='bbox 1901 709 2036 762; x_wconf 88' lang='lat' dir='ltr'><strong>aliqua</strong></span> <span class='ocrx_word' id='word_1_83' title='bbox 2063 710 2128 749; x_wconf 86' lang='lat' dir='ltr'><strong>vel</strong></span> <span class='ocrx_word' id='word_1_84' title='bbox 2154 711 2411 752; x_wconf 87' lang='lat' dir='ltr'><strong>inundatione</strong></span> <span class='ocrx_word' id='word_1_85' title='bbox 2440 714 2502 753; x_wconf 86' lang='lat' dir='ltr'><strong>vei</strong></span> 
     </span>
     <span class='ocr_line' id='line_1_8' title="bbox 132 774 2501 829; baseline -0.002 -5"><span class='ocrx_word' id='word_1_86' title='bbox 132 783 228 823; x_wconf 88' lang='lat' dir='ltr'><strong>belli</strong></span> <span class='ocrx_word' id='word_1_87' title='bbox 260 783 417 823; x_wconf 87' lang='lat' dir='ltr'>casibus</span> <span class='ocrx_word' id='word_1_88' title='bbox 446 782 485 821; x_wconf 91' lang='lat' dir='ltr'><strong>in</strong></span> <span class='ocrx_word' id='word_1_89' title='bbox 518 779 713 820; x_wconf 88' lang='lat' dir='ltr'><strong>civitatem</strong></span> <span class='ocrx_word' id='word_1_90' title='bbox 753 776 997 817; x_wconf 86' lang='lat' dir='ltr'><strong>irruentibus</strong></span> <span class='ocrx_word' id='word_1_91' title='bbox 1039 776 1190 816; x_wconf 88' lang='lat' dir='ltr'><strong>reditus</strong></span> <span class='ocrx_word' id='word_1_92' title='bbox 1230 775 1361 815; x_wconf 87' lang='lat' dir='ltr'><strong>subito</strong></span> <span class='ocrx_word' id='word_1_93' title='bbox 1405 775 1761 816; x_wconf 76' lang='lat' dir='ltr'><strong>imminuerentur?</strong></span> <span class='ocrx_word' id='word_1_94' title='bbox 1818 774 1865 815; x_wconf 92' lang='lat' dir='ltr'><strong>In</strong></span> <span class='ocrx_word' id='word_1_95' title='bbox 1893 782 1951 815; x_wconf 91' lang='lat' dir='ltr'><strong>tot</strong></span> <span class='ocrx_word' id='word_1_96' title='bbox 1976 776 2174 829; x_wconf 87' lang='lat' dir='ltr'><strong>tantisque</strong></span> <span class='ocrx_word' id='word_1_97' title='bbox 2202 775 2501 820; x_wconf 83' lang='lat' dir='ltr'><strong>difficultatibus</strong></span> 
     </span>
     <span class='ocr_line' id='line_1_9' title="bbox 138 842 2501 900; baseline -0.002 -11"><span class='ocrx_word' id='word_1_98' title='bbox 138 861 256 900; x_wconf 88' lang='lat' dir='ltr'><strong>quum</strong></span> <span class='ocrx_word' id='word_1_99' title='bbox 281 848 349 888; x_wconf 86' lang='lat' dir='ltr'><strong>alii</strong></span> <span class='ocrx_word' id='word_1_100' title='bbox 370 848 472 888; x_wconf 89' lang='lat' dir='ltr'><strong>alias</strong></span> <span class='ocrx_word' id='word_1_101' title='bbox 495 845 706 899; x_wconf 79' lang='lat' dir='ltr'><strong>impeditae</strong></span> <span class='ocrx_word' id='word_1_102' title='bbox 737 843 978 896; x_wconf 87' lang='lat' dir='ltr'>quaestionis</span> <span class='ocrx_word' id='word_1_103' title='bbox 1010 842 1224 882; x_wconf 83' lang='lat' dir='ltr'><strong>solvendae</strong></span> <span class='ocrx_word' id='word_1_104' title='bbox 1251 842 1425 881; x_wconf 83' lang='lat' dir='ltr'><strong>rationes</strong></span> <span class='ocrx_word' id='word_1_105' title='bbox 1454 842 1676 881; x_wconf 91' lang='lat' dir='ltr'><strong>invenerint</strong></span> <span class='ocrx_word' id='word_1_106' title='bbox 1705 854 1849 895; x_wconf 82' lang='lat' dir='ltr'><strong>easque</strong></span> <span class='ocrx_word' id='word_1_107' title='bbox 1879 855 2016 881; x_wconf 84' lang='lat' dir='ltr'><strong>omncs</strong></span> <span class='ocrx_word' id='word_1_108' title='bbox 2043 843 2207 894; x_wconf 82' lang='lat' dir='ltr'><strong>longum</strong></span> <span class='ocrx_word' id='word_1_109' title='bbox 2225 844 2275 882; x_wconf 90' lang='lat' dir='ltr'><strong>sit</strong></span> <span class='ocrx_word' id='word_1_110' title='bbox 2303 846 2501 897; x_wconf 77' lang='lat' dir='ltr'><strong>persequi,</strong></span> 
     </span>
    </p>
   </div>
   <div class='ocr_carea' id='block_1_3' title="bbox 132 906 2500 1028">
    <p class='ocr_par' dir='ltr' id='par_1_3' title="bbox 132 906 2500 1028">
     <span class='ocr_line' id='line_1_10' title="bbox 132 906 1553 965; baseline -0.006 -12"><span class='ocrx_word' id='word_1_111' title='bbox 132 913 182 953; x_wconf 87' lang='lat' dir='ltr'><strong>ad</strong></span> <span class='ocrx_word' id='word_1_112' title='bbox 213 920 391 953; x_wconf 82' lang='lat' dir='ltr'><strong>veterum</strong></span> <span class='ocrx_word' id='word_1_113' title='bbox 420 912 661 965; x_wconf 88' lang='lat' dir='ltr'><strong>scriptorum</strong></span> <span class='ocrx_word' id='word_1_114' title='bbox 691 910 960 950; x_wconf 88' lang='lat' dir='ltr'><strong>auctoritatem</strong></span> <span class='ocrx_word' id='word_1_115' title='bbox 991 909 1120 947; x_wconf 88' lang='lat' dir='ltr'><strong>redire</strong></span> <span class='ocrx_word' id='word_1_116' title='bbox 1147 907 1286 947; x_wconf 87' lang='lat' dir='ltr'><strong>utilius</strong></span> <span class='ocrx_word' id='word_1_117' title='bbox 1314 906 1553 960; x_wconf 76' lang='lat' dir='ltr'><strong>videtur.¹²⁵)</strong></span> 
     </span>
     <span class='ocr_line' id='line_1_11' title="bbox 240 972 2500 1028; baseline -0.002 -11"><span class='ocrx_word' id='word_1_118' title='bbox 240 978 291 1018; x_wconf 80' lang='lat' dir='ltr'><strong>At</strong></span> <span class='ocrx_word' id='word_1_119' title='bbox 322 990 444 1017; x_wconf 91' lang='lat' dir='ltr'><strong>unum</strong></span> <span class='ocrx_word' id='word_1_120' title='bbox 473 982 626 1016; x_wconf 86' lang='lat' dir='ltr'><strong>tantum</strong></span> <span class='ocrx_word' id='word_1_121' title='bbox 655 976 760 1028; x_wconf 90' lang='lat' dir='ltr'><strong>quod</strong></span> <span class='ocrx_word' id='word_1_122' title='bbox 786 976 943 1027; x_wconf 85' lang='lat' dir='ltr'><strong>quidem</strong></span> <span class='ocrx_word' id='word_1_123' title='bbox 972 979 1192 1012; x_wconf 87' lang='lat' dir='ltr'><strong>memoratu</strong></span> <span class='ocrx_word' id='word_1_124' title='bbox 1222 972 1384 1024; x_wconf 89' lang='lat' dir='ltr'><strong>dignum</strong></span> <span class='ocrx_word' id='word_1_125' title='bbox 1415 973 1596 1011; x_wconf 85' lang='lat' dir='ltr'><strong>videatur</strong></span> <span class='ocrx_word' id='word_1_126' title='bbox 1624 981 1751 1012; x_wconf 83' lang='lat' dir='ltr'><strong>exstat</strong></span> <span class='ocrx_word' id='word_1_127' title='bbox 1771 974 2040 1012; x_wconf 87' lang='lat' dir='ltr'><strong>testimonium</strong></span> <span class='ocrx_word' id='word_1_128' title='bbox 2065 973 2274 1019; x_wconf 79' lang='lat' dir='ltr'>Plutarchi,</span> <span class='ocrx_word' id='word_1_129' title='bbox 2305 976 2372 1026; x_wconf 92' lang='lat' dir='ltr'><strong>qui</strong></span> <span class='ocrx_word' id='word_1_130' title='bbox 2402 977 2500 1014; x_wconf 91' lang='lat' dir='ltr'><strong>uni-</strong></span> 
     </span>
    </p>
   </div>
   <div class='ocr_carea' id='block_1_4' title="bbox 131 1036 2501 1294">
    <p class='ocr_par' dir='ltr' id='par_1_4' title="bbox 131 1036 2501 1294">
     <span class='ocr_line' id='line_1_12' title="bbox 132 1036 2501 1097; baseline -0.001 -13"><span class='ocrx_word' id='word_1_131' title='bbox 132 1044 269 1097; x_wconf 86' lang='lat' dir='ltr'><strong>cuique</strong></span> <span class='ocrx_word' id='word_1_132' title='bbox 297 1057 434 1096; x_wconf 86' lang='lat' dir='ltr'><strong>puero,</strong></span> <span class='ocrx_word' id='word_1_133' title='bbox 453 1043 571 1083; x_wconf 89' lang='lat' dir='ltr'><strong>simul</strong></span> <span class='ocrx_word' id='word_1_134' title='bbox 599 1055 645 1082; x_wconf 84' lang='lat' dir='ltr'><strong>ac</strong></span> <span class='ocrx_word' id='word_1_135' title='bbox 663 1049 779 1082; x_wconf 87' lang='lat' dir='ltr'><strong>natus</strong></span> <span class='ocrx_word' id='word_1_136' title='bbox 808 1042 1066 1093; x_wconf 82' lang='lat' dir='ltr'><strong>maximisque</strong></span> <span class='ocrx_word' id='word_1_137' title='bbox 1090 1038 1298 1079; x_wconf 83' lang='lat' dir='ltr'><strong>tribulium</strong></span> <span class='ocrx_word' id='word_1_138' title='bbox 1323 1036 1516 1091; x_wconf 87' lang='lat' dir='ltr'><strong>probatus</strong></span> <span class='ocrx_word' id='word_1_139' title='bbox 1547 1047 1661 1086; x_wconf 85' lang='lat' dir='ltr'><strong>esset,</strong></span> <span class='ocrx_word' id='word_1_140' title='bbox 1688 1039 1737 1079; x_wconf 85' lang='lat' dir='ltr'><strong>ab</strong></span> <span class='ocrx_word' id='word_1_141' title='bbox 1768 1039 1909 1079; x_wconf 88' lang='lat' dir='ltr'><strong>iisdem</strong></span> <span class='ocrx_word' id='word_1_142' title='bbox 1938 1053 2057 1079; x_wconf 92' lang='lat' dir='ltr'><strong>unum</strong></span> <span class='ocrx_word' id='word_1_143' title='bbox 2087 1054 2134 1080; x_wconf 85' lang='lat' dir='ltr'><strong>ex</strong></span> <span class='ocrx_word' id='word_1_144' title='bbox 2163 1055 2306 1081; x_wconf 72' lang='lat' dir='ltr'><strong>novem</strong></span> <span class='ocrx_word' id='word_1_145' title='bbox 2338 1042 2501 1083; x_wconf 85' lang='lat' dir='ltr'><strong>milibus</strong></span> 
     </span>
     <span class='ocr_line' id='line_1_13' title="bbox 131 1104 2498 1163; baseline -0.001 -12"><span class='ocrx_word' id='word_1_146' title='bbox 131 1110 299 1151; x_wconf 84' lang='lat' dir='ltr'><strong>fundum</strong></span> <span class='ocrx_word' id='word_1_147' title='bbox 328 1109 570 1163; x_wconf 86' lang='lat' dir='ltr'><strong>assignatum</strong></span> <span class='ocrx_word' id='word_1_148' title='bbox 600 1122 686 1148; x_wconf 89' lang='lat' dir='ltr'><strong>esse</strong></span> <span class='ocrx_word' id='word_1_149' title='bbox 715 1105 935 1160; x_wconf 70' lang='lat' dir='ltr'><strong>narrat-²⁶)</strong></span> <span class='ocrx_word' id='word_1_150' title='bbox 993 1106 1106 1156; x_wconf 86' lang='lat' dir='ltr'><strong>Quod</strong></span> <span class='ocrx_word' id='word_1_151' title='bbox 1134 1113 1263 1146; x_wconf 87' lang='lat' dir='ltr'><strong>autem</strong></span> <span class='ocrx_word' id='word_1_152' title='bbox 1301 1105 1497 1157; x_wconf 91' lang='lat' dir='ltr'><strong>quomodo</strong></span> <span class='ocrx_word' id='word_1_153' title='bbox 1536 1104 1680 1146; x_wconf 87' lang='lat' dir='ltr'><strong>sactum</strong></span> <span class='ocrx_word' id='word_1_154' title='bbox 1709 1106 1760 1146; x_wconf 92' lang='lat' dir='ltr'><strong>sit</strong></span> <span class='ocrx_word' id='word_1_155' title='bbox 1790 1106 1854 1146; x_wconf 85' lang='lat' dir='ltr'><strong>vel</strong></span> <span class='ocrx_word' id='word_1_156' title='bbox 1886 1105 1974 1146; x_wconf 87' lang='lat' dir='ltr'><strong>fieri</strong></span> <span class='ocrx_word' id='word_1_157' title='bbox 2013 1106 2202 1157; x_wconf 75' lang='lat' dir='ltr'><strong>potuerit,</strong></span> <span class='ocrx_word' id='word_1_158' title='bbox 2241 1121 2358 1159; x_wconf 88' lang='lat' dir='ltr'><strong>quum</strong></span> <span class='ocrx_word' id='word_1_159' title='bbox 2394 1107 2498 1149; x_wconf 81' lang='lat' dir='ltr'><strong>Plu-</strong></span> 
     </span>
     <span class='ocr_line' id='line_1_14' title="bbox 131 1171 2500 1225; baseline -0.001 -9"><span class='ocrx_word' id='word_1_160' title='bbox 131 1177 292 1216; x_wconf 84' lang='lat' dir='ltr'><strong>tarchus</strong></span> <span class='ocrx_word' id='word_1_161' title='bbox 321 1180 461 1225; x_wconf 84' lang='lat' dir='ltr'><strong>taceat,</strong></span> <span class='ocrx_word' id='word_1_162' title='bbox 491 1175 560 1214; x_wconf 84' lang='lat' dir='ltr'><strong>alii</strong></span> <span class='ocrx_word' id='word_1_163' title='bbox 597 1174 697 1213; x_wconf 87' lang='lat' dir='ltr'><strong>alias</strong></span> <span class='ocrx_word' id='word_1_164' title='bbox 726 1173 950 1225; x_wconf 83' lang='lat' dir='ltr'><strong>explicandi</strong></span> <span class='ocrx_word' id='word_1_165' title='bbox 977 1174 1063 1212; x_wconf 82' lang='lat' dir='ltr'><strong>vias</strong></span> <span class='ocrx_word' id='word_1_166' title='bbox 1093 1171 1270 1224; x_wconf 84' lang='lat' dir='ltr'><strong>ingressi</strong></span> <span class='ocrx_word' id='word_1_167' title='bbox 1298 1177 1404 1213; x_wconf 85' lang='lat' dir='ltr'><strong>sunt.</strong></span> <span class='ocrx_word' id='word_1_168' title='bbox 1461 1171 1523 1211; x_wconf 84' lang='lat' dir='ltr'><strong>Ex</strong></span> <span class='ocrx_word' id='word_1_169' title='bbox 1550 1171 1694 1223; x_wconf 87' lang='lat' dir='ltr'><strong>quibus</strong></span> <span class='ocrx_word' id='word_1_170' title='bbox 1735 1172 1963 1212; x_wconf 85' lang='lat' dir='ltr'><strong>Pastoretus</strong></span> <span class='ocrx_word' id='word_1_171' title='bbox 2003 1173 2138 1223; x_wconf 89' lang='lat' dir='ltr'><strong>plures</strong></span> <span class='ocrx_word' id='word_1_172' title='bbox 2167 1186 2303 1222; x_wconf 71' lang='lat' dir='ltr'><strong>agros.</strong></span> <span class='ocrx_word' id='word_1_173' title='bbox 2336 1181 2500 1224; x_wconf 85' lang='lat' dir='ltr'><strong>praeter</strong></span> 
     </span>
     <span class='ocr_line' id='line_1_15' title="bbox 131 1236 2497 1294; baseline 0 -13"><span class='ocrx_word' id='word_1_174' title='bbox 131 1255 274 1282; x_wconf 83' lang='lat' dir='ltr'><strong>novem</strong></span> <span class='ocrx_word' id='word_1_175' title='bbox 305 1240 376 1281; x_wconf 87' lang='lat' dir='ltr'><strong>iiia</strong></span> <span class='ocrx_word' id='word_1_176' title='bbox 403 1238 514 1280; x_wconf 87' lang='lat' dir='ltr'><strong>milia</strong></span> <span class='ocrx_word' id='word_1_177' title='bbox 542 1239 608 1294; x_wconf 91' lang='lat' dir='ltr'><strong>qui</strong></span> <span class='ocrx_word' id='word_1_178' title='bbox 634 1238 808 1292; x_wconf 88' lang='lat' dir='ltr'><strong>primum</strong></span> <span class='ocrx_word' id='word_1_179' title='bbox 835 1236 1037 1279; x_wconf 85' lang='lat' dir='ltr'><strong>distributi</strong></span> <span class='ocrx_word' id='word_1_180' title='bbox 1066 1243 1209 1287; x_wconf 82' lang='lat' dir='ltr'><strong>essent,</strong></span> <span class='ocrx_word' id='word_1_181' title='bbox 1238 1236 1372 1277; x_wconf 86' lang='lat' dir='ltr'><strong>statim</strong></span> <span class='ocrx_word' id='word_1_182' title='bbox 1400 1236 1449 1277; x_wconf 87' lang='lat' dir='ltr'><strong>ab</strong></span> <span class='ocrx_word' id='word_1_183' title='bbox 1477 1236 1591 1278; x_wconf 88' lang='lat' dir='ltr'><strong>initio</strong></span> <span class='ocrx_word' id='word_1_184' title='bbox 1619 1245 1844 1279; x_wconf 85' lang='lat' dir='ltr'><strong>reservatos</strong></span> <span class='ocrx_word' id='word_1_185' title='bbox 1876 1238 1996 1279; x_wconf 83' lang='lat' dir='ltr'><strong>fuisse</strong></span> <span class='ocrx_word' id='word_1_186' title='bbox 2025 1245 2089 1279; x_wconf 84' lang='lat' dir='ltr'><strong>aut</strong></span> <span class='ocrx_word' id='word_1_187' title='bbox 2120 1245 2257 1291; x_wconf 74' lang='lat' dir='ltr'><strong>postea</strong></span> <span class='ocrx_word' id='word_1_188' title='bbox 2280 1241 2497 1281; x_wconf 80' lang='lat' dir='ltr'><strong>accessisse</strong></span> 
     </span>
    </p>
   </div>
   <div class='ocr_carea' id='block_1_5' title="bbox 216 1405 2496 2841">
    <p class='ocr_par' dir='ltr' id='par_1_5' title="bbox 216 1405 2496 2841">
     <span class='ocr_line' id='line_1_16' title="bbox 225 1405 2496 1446; baseline 0.001 -10"><span class='ocrx_word' id='word_1_189' title='bbox 225 1409 374 1437; x_wconf 86' lang='lat' dir='ltr'><strong>aetatem</strong></span> <span class='ocrx_word' id='word_1_190' title='bbox 398 1405 607 1444; x_wconf 81' lang='lat' dir='ltr'><strong>praeterisse</strong></span> <span class='ocrx_word' id='word_1_191' title='bbox 633 1406 798 1446; x_wconf 78' lang='lat' dir='ltr'><strong>dicamus,</strong></span> <span class='ocrx_word' id='word_1_192' title='bbox 825 1416 891 1445; x_wconf 85' lang='lat' dir='ltr'><strong>qua</strong></span> <span class='ocrx_word' id='word_1_193' title='bbox 917 1406 1151 1445; x_wconf 90' lang='lat' dir='ltr'><strong>cuiuscunque</strong></span> <span class='ocrx_word' id='word_1_194' title='bbox 1178 1406 1316 1446; x_wconf 80' lang='lat' dir='ltr'><strong>linguae</strong></span> <span class='ocrx_word' id='word_1_195' title='bbox 1345 1406 1515 1437; x_wconf 81' lang='lat' dir='ltr'><strong>vocabula</strong></span> <span class='ocrx_word' id='word_1_196' title='bbox 1542 1417 1629 1446; x_wconf 82' lang='lat' dir='ltr'><strong>quae</strong></span> <span class='ocrx_word' id='word_1_197' title='bbox 1650 1406 1848 1438; x_wconf 76' lang='lat' dir='ltr'><strong>difficiliora</strong></span> <span class='ocrx_word' id='word_1_198' title='bbox 1863 1409 1981 1437; x_wconf 69' lang='lat' dir='ltr'><strong>essent</strong></span> <span class='ocrx_word' id='word_1_199' title='bbox 1999 1407 2039 1436; x_wconf 83' lang='lat' dir='ltr'><strong>ad</strong></span> <span class='ocrx_word' id='word_1_200' title='bbox 2059 1408 2313 1446; x_wconf 77' lang='lat' dir='ltr'><strong>epocandum,</strong></span> <span class='ocrx_word' id='word_1_201' title='bbox 2332 1410 2496 1439; x_wconf 72' lang='lat' dir='ltr'><strong>universa</strong></span> 
     </span>
     <span class='ocr_line' id='line_1_17' title="bbox 224 1462 2493 1504; baseline 0.001 -10"><span class='ocrx_word' id='word_1_202' title='bbox 224 1464 454 1494; x_wconf 83' lang='lat' dir='ltr'><strong>Romanorum</strong></span> <span class='ocrx_word' id='word_1_203' title='bbox 488 1466 522 1493; x_wconf 90' lang='lat' dir='ltr'><strong>et</strong></span> <span class='ocrx_word' id='word_1_204' title='bbox 542 1463 757 1494; x_wconf 82' lang='lat' dir='ltr'><strong>Graecorum</strong></span> <span class='ocrx_word' id='word_1_205' title='bbox 786 1465 843 1495; x_wconf 73' lang='lat' dir='ltr'><strong>vei</strong></span> <span class='ocrx_word' id='word_1_206' title='bbox 868 1465 970 1495; x_wconf 86' lang='lat' dir='ltr'><strong>etiam</strong></span> <span class='ocrx_word' id='word_1_207' title='bbox 996 1462 1156 1495; x_wconf 89' lang='lat' dir='ltr'><strong>Indorum</strong></span> <span class='ocrx_word' id='word_1_208' title='bbox 1180 1464 1333 1494; x_wconf 86' lang='lat' dir='ltr'><strong>doctrina</strong></span> <span class='ocrx_word' id='word_1_209' title='bbox 1359 1464 1390 1494; x_wconf 93' lang='lat' dir='ltr'><strong>in</strong></span> <span class='ocrx_word' id='word_1_210' title='bbox 1416 1464 1605 1495; x_wconf 86' lang='lat' dir='ltr'><strong>subsidium</strong></span> <span class='ocrx_word' id='word_1_211' title='bbox 1633 1469 1768 1504; x_wconf 84' lang='lat' dir='ltr'><strong>vocata,</strong></span> <span class='ocrx_word' id='word_1_212' title='bbox 1796 1464 2013 1502; x_wconf 81' lang='lat' dir='ltr'><strong>interpretari</strong></span> <span class='ocrx_word' id='word_1_213' title='bbox 2040 1463 2193 1494; x_wconf 87' lang='lat' dir='ltr'><strong>homiues</strong></span> <span class='ocrx_word' id='word_1_214' title='bbox 2219 1465 2408 1500; x_wconf 75' lang='lat' dir='ltr'><strong>studerent,</strong></span> <span class='ocrx_word' id='word_1_215' title='bbox 2438 1475 2493 1496; x_wconf 78' lang='lat' dir='ltr'><strong>res</strong></span> 
     </span>
     <span class='ocr_line' id='line_1_18' title="bbox 224 1516 2494 1562; baseline 0.001 -11"><span class='ocrx_word' id='word_1_216' title='bbox 224 1524 339 1552; x_wconf 83' lang='lat' dir='ltr'><strong>tamen</strong></span> <span class='ocrx_word' id='word_1_217' title='bbox 366 1521 636 1562; x_wconf 77' lang='lat' dir='ltr'><strong>diversissimaS,</strong></span> <span class='ocrx_word' id='word_1_218' title='bbox 663 1522 786 1561; x_wconf 91' lang='lat' dir='ltr'><strong>quippe</strong></span> <span class='ocrx_word' id='word_1_219' title='bbox 811 1516 963 1560; x_wconf 62' lang='lat' dir='ltr'><strong>quas&#39;ex</strong></span> <span class='ocrx_word' id='word_1_220' title='bbox 988 1520 1112 1552; x_wconf 88' lang='lat' dir='ltr'><strong>iisdem</strong></span> <span class='ocrx_word' id='word_1_221' title='bbox 1141 1521 1294 1553; x_wconf 80' lang='lat' dir='ltr'><strong>sontibus</strong></span> <span class='ocrx_word' id='word_1_222' title='bbox 1319 1522 1479 1552; x_wconf 80' lang='lat' dir='ltr'><strong>derivare</strong></span> <span class='ocrx_word' id='word_1_223' title='bbox 1505 1523 1641 1561; x_wconf 80' lang='lat' dir='ltr'><strong>volunt,</strong></span> <span class='ocrx_word' id='word_1_224' title='bbox 1665 1521 1789 1552; x_wconf 83' lang='lat' dir='ltr'><strong>misere</strong></span> <span class='ocrx_word' id='word_1_225' title='bbox 1818 1523 1963 1551; x_wconf 82' lang='lat' dir='ltr'><strong>miscere</strong></span> <span class='ocrx_word' id='word_1_226' title='bbox 1994 1524 2028 1551; x_wconf 89' lang='lat' dir='ltr'><strong>et</strong></span> <span class='ocrx_word' id='word_1_227' title='bbox 2053 1522 2264 1551; x_wconf 79' lang='lat' dir='ltr'><strong>confundere</strong></span> <span class='ocrx_word' id='word_1_228' title='bbox 2290 1531 2353 1551; x_wconf 84' lang='lat' dir='ltr'><strong>nou</strong></span> <span class='ocrx_word' id='word_1_229' title='bbox 2380 1523 2494 1553; x_wconf 86' lang='lat' dir='ltr'><strong>desie—</strong></span> 
     </span>
     <span class='ocr_line' id='line_1_19' title="bbox 223 1578 2491 1621; baseline 0 -13"><span class='ocrx_word' id='word_1_230' title='bbox 223 1581 312 1608; x_wconf 86' lang='lat' dir='ltr'><strong>runt.</strong></span> <span class='ocrx_word' id='word_1_231' title='bbox 361 1578 438 1609; x_wconf 87' lang='lat' dir='ltr'><strong>Non</strong></span> <span class='ocrx_word' id='word_1_232' title='bbox 462 1578 569 1620; x_wconf 82' lang='lat' dir='ltr'><strong>igitur</strong></span> <span class='ocrx_word' id='word_1_233' title='bbox 590 1579 727 1620; x_wconf 87' lang='lat' dir='ltr'><strong>mirum,</strong></span> <span class='ocrx_word' id='word_1_234' title='bbox 753 1580 842 1617; x_wconf 89' lang='lat' dir='ltr'><strong>quod</strong></span> <span class='ocrx_word' id='word_1_235' title='bbox 871 1581 958 1610; x_wconf 84' lang='lat' dir='ltr'><strong>hanc</strong></span> <span class='ocrx_word' id='word_1_236' title='bbox 976 1580 1133 1621; x_wconf 78' lang='lat' dir='ltr'><strong>Lycurgi</strong></span> <span class='ocrx_word' id='word_1_237' title='bbox 1158 1580 1273 1620; x_wconf 84' lang='lat' dir='ltr'><strong>legem</strong></span> <span class='ocrx_word' id='word_1_238' title='bbox 1300 1580 1401 1610; x_wconf 88' lang='lat' dir='ltr'><strong>medii</strong></span> <span class='ocrx_word' id='word_1_239' title='bbox 1425 1580 1502 1610; x_wconf 79' lang='lat' dir='ltr'><strong>aevi</strong></span> <span class='ocrx_word' id='word_1_240' title='bbox 1528 1581 1688 1612; x_wconf 83' lang='lat' dir='ltr'><strong>instituto</strong></span> <span class='ocrx_word' id='word_1_241' title='bbox 1714 1581 1894 1618; x_wconf 81' lang='lat' dir='ltr'><strong>eidemque</strong></span> <span class='ocrx_word' id='word_1_242' title='bbox 1922 1589 1985 1610; x_wconf 92' lang='lat' dir='ltr'><strong>non</strong></span> <span class='ocrx_word' id='word_1_243' title='bbox 2012 1578 2127 1609; x_wconf 90' lang='lat' dir='ltr'><strong>multis</strong></span> <span class='ocrx_word' id='word_1_244' title='bbox 2157 1579 2277 1608; x_wconf 82' lang='lat' dir='ltr'><strong>abhinc</strong></span> <span class='ocrx_word' id='word_1_245' title='bbox 2303 1579 2400 1609; x_wconf 83' lang='lat' dir='ltr'><strong>annis</strong></span> <span class='ocrx_word' id='word_1_246' title='bbox 2426 1580 2491 1610; x_wconf 89' lang='lat' dir='ltr'><strong>huc</strong></span> 
     </span>
     <span class='ocr_line' id='line_1_20' title="bbox 222 1634 2493 1680; baseline 0 -13"><span class='ocrx_word' id='word_1_247' title='bbox 222 1636 303 1667; x_wconf 90' lang='lat' dir='ltr'><strong>illuc</strong></span> <span class='ocrx_word' id='word_1_248' title='bbox 328 1634 362 1667; x_wconf 88' lang='lat' dir='ltr'><strong>in</strong></span> <span class='ocrx_word' id='word_1_249' title='bbox 388 1637 494 1668; x_wconf 80' lang='lat' dir='ltr'><strong>vitam</strong></span> <span class='ocrx_word' id='word_1_250' title='bbox 526 1640 691 1669; x_wconf 87' lang='lat' dir='ltr'><strong>revocato</strong></span> <span class='ocrx_word' id='word_1_251' title='bbox 726 1638 932 1669; x_wconf 82' lang='lat' dir='ltr'><strong>simillimam</strong></span> <span class='ocrx_word' id='word_1_252' title='bbox 958 1647 1037 1669; x_wconf 88' lang='lat' dir='ltr'><strong>esse</strong></span> <span class='ocrx_word' id='word_1_253' title='bbox 1074 1638 1252 1679; x_wconf 84' lang='lat' dir='ltr'><strong>dicerent,</strong></span> <span class='ocrx_word' id='word_1_254' title='bbox 1292 1646 1360 1676; x_wconf 86' lang='lat' dir='ltr'><strong>quo</strong></span> <span class='ocrx_word' id='word_1_255' title='bbox 1401 1638 1534 1669; x_wconf 88' lang='lat' dir='ltr'><strong>nobiles</strong></span> <span class='ocrx_word' id='word_1_256' title='bbox 1578 1639 1707 1676; x_wconf 84' lang='lat' dir='ltr'><strong>aliquot</strong></span> <span class='ocrx_word' id='word_1_257' title='bbox 1732 1639 1858 1680; x_wconf 81' lang='lat' dir='ltr'><strong>gentes</strong></span> <span class='ocrx_word' id='word_1_258' title='bbox 1891 1647 1974 1676; x_wconf 90' lang='lat' dir='ltr'><strong>opes</strong></span> <span class='ocrx_word' id='word_1_259' title='bbox 1999 1646 2081 1667; x_wconf 73' lang='lat' dir='ltr'><strong>suas</strong></span> <span class='ocrx_word' id='word_1_260' title='bbox 2107 1645 2147 1666; x_wconf 90' lang='lat' dir='ltr'><strong>ac</strong></span> <span class='ocrx_word' id='word_1_261' title='bbox 2170 1637 2391 1675; x_wconf 77' lang='lat' dir='ltr'><strong>splendorem</strong></span> <span class='ocrx_word' id='word_1_262' title='bbox 2418 1647 2493 1668; x_wconf 84' lang='lat' dir='ltr'><strong>cum</strong></span> 
     </span>
     <span class='ocr_line' id='line_1_21' title="bbox 224 1693 2494 1734; baseline 0.001 -10"><span class='ocrx_word' id='word_1_263' title='bbox 224 1695 325 1725; x_wconf 87' lang='lat' dir='ltr'><strong>unius</strong></span> <span class='ocrx_word' id='word_1_264' title='bbox 350 1703 393 1726; x_wconf 87' lang='lat' dir='ltr'><strong>ex</strong></span> <span class='ocrx_word' id='word_1_265' title='bbox 423 1693 506 1733; x_wconf 87' lang='lat' dir='ltr'><strong>ipsis</strong></span> <span class='ocrx_word' id='word_1_266' title='bbox 536 1696 686 1726; x_wconf 87' lang='lat' dir='ltr'><strong>maximo</strong></span> <span class='ocrx_word' id='word_1_267' title='bbox 713 1697 911 1734; x_wconf 88' lang='lat' dir='ltr'><strong>commodo,</strong></span> <span class='ocrx_word' id='word_1_268' title='bbox 938 1706 1012 1726; x_wconf 90' lang='lat' dir='ltr'><strong>cum</strong></span> <span class='ocrx_word' id='word_1_269' title='bbox 1045 1694 1253 1734; x_wconf 85' lang='lat' dir='ltr'><strong>reliquorum</strong></span> <span class='ocrx_word' id='word_1_270' title='bbox 1278 1694 1424 1727; x_wconf 91' lang='lat' dir='ltr'><strong>omnium</strong></span> <span class='ocrx_word' id='word_1_271' title='bbox 1457 1704 1592 1726; x_wconf 82' lang='lat' dir='ltr'><strong>summo</strong></span> <span class='ocrx_word' id='word_1_272' title='bbox 1620 1696 1745 1726; x_wconf 81' lang='lat' dir='ltr'><strong>damno</strong></span> <span class='ocrx_word' id='word_1_273' title='bbox 1772 1700 1806 1727; x_wconf 90' lang='lat' dir='ltr'><strong>et</strong></span> <span class='ocrx_word' id='word_1_274' title='bbox 1837 1695 2054 1731; x_wconf 85' lang='lat' dir='ltr'><strong>detrimento,</strong></span> <span class='ocrx_word' id='word_1_275' title='bbox 2088 1703 2196 1732; x_wconf 84' lang='lat' dir='ltr'><strong>neque</strong></span> <span class='ocrx_word' id='word_1_276' title='bbox 2229 1703 2303 1734; x_wconf 83' lang='lat' dir='ltr'><strong>cum</strong></span> <span class='ocrx_word' id='word_1_277' title='bbox 2338 1694 2409 1725; x_wconf 82' lang='lat' dir='ltr'><strong>ulla</strong></span> <span class='ocrx_word' id='word_1_278' title='bbox 2440 1697 2494 1727; x_wconf 71' lang='lat' dir='ltr'><strong>rei</strong></span> 
     </span>
     <span class='ocr_line' id='line_1_22' title="bbox 226 1752 2491 1794; baseline 0.001 -13"><span class='ocrx_word' id='word_1_279' title='bbox 226 1753 381 1790; x_wconf 85' lang='lat' dir='ltr'><strong>publicae</strong></span> <span class='ocrx_word' id='word_1_280' title='bbox 399 1753 546 1784; x_wconf 87' lang='lat' dir='ltr'><strong>utilitate</strong></span> <span class='ocrx_word' id='word_1_281' title='bbox 565 1761 706 1784; x_wconf 77' lang='lat' dir='ltr'><strong>servare</strong></span> <span class='ocrx_word' id='word_1_282' title='bbox 726 1755 950 1794; x_wconf 77' lang='lat' dir='ltr'><strong>conabantur,</strong></span> <span class='ocrx_word' id='word_1_283' title='bbox 968 1754 1071 1785; x_wconf 81' lang='lat' dir='ltr'><strong>feuda</strong></span> <span class='ocrx_word' id='word_1_284' title='bbox 1089 1753 1164 1784; x_wconf 87' lang='lat' dir='ltr'><strong>dico</strong></span> <span class='ocrx_word' id='word_1_285' title='bbox 1180 1753 1237 1784; x_wconf 91' lang='lat' dir='ltr'><strong>vel</strong></span> <span class='ocrx_word' id='word_1_286' title='bbox 1256 1753 1456 1784; x_wconf 69' lang='lat' dir='ltr'><strong>nlaioratus.</strong></span> <span class='ocrx_word' id='word_1_287' title='bbox 1488 1753 1578 1793; x_wconf 81' lang='lat' dir='ltr'><strong>Quid</strong></span> <span class='ocrx_word' id='word_1_288' title='bbox 1603 1754 1696 1792; x_wconf 83' lang='lat' dir='ltr'><strong>quod</strong></span> <span class='ocrx_word' id='word_1_289' title='bbox 1720 1762 1763 1784; x_wconf 80' lang='lat' dir='ltr'><strong>eo</strong></span> <span class='ocrx_word' id='word_1_290' title='bbox 1789 1754 1955 1783; x_wconf 84' lang='lat' dir='ltr'><strong>audaciae</strong></span> <span class='ocrx_word' id='word_1_291' title='bbox 1982 1757 2222 1790; x_wconf 79' lang='lat' dir='ltr'><strong>processerunt</strong></span> <span class='ocrx_word' id='word_1_292' title='bbox 2250 1753 2299 1782; x_wconf 87' lang='lat' dir='ltr'><strong>ilii</strong></span> <span class='ocrx_word' id='word_1_293' title='bbox 2325 1752 2491 1789; x_wconf 73' lang='lat' dir='ltr'><strong>homines,</strong></span> 
     </span>
     <span class='ocr_line' id='line_1_23' title="bbox 224 1808 2490 1853; baseline 0.001 -12"><span class='ocrx_word' id='word_1_294' title='bbox 224 1814 260 1841; x_wconf 91' lang='lat' dir='ltr'><strong>ut</strong></span> <span class='ocrx_word' id='word_1_295' title='bbox 282 1811 325 1841; x_wconf 87' lang='lat' dir='ltr'><strong>ad</strong></span> <span class='ocrx_word' id='word_1_296' title='bbox 347 1812 582 1842; x_wconf 82' lang='lat' dir='ltr'><strong>memorabiles</strong></span> <span class='ocrx_word' id='word_1_297' title='bbox 604 1811 745 1843; x_wconf 82' lang='lat' dir='ltr'><strong>Hesiodi</strong></span> <span class='ocrx_word' id='word_1_298' title='bbox 770 1819 897 1843; x_wconf 81' lang='lat' dir='ltr'><strong>versus</strong></span> <span class='ocrx_word' id='word_1_299' title='bbox 915 1812 999 1851; x_wconf 86' lang='lat' dir='ltr'><strong>Opp.</strong></span> <span class='ocrx_word' id='word_1_300' title='bbox 1017 1816 1051 1843; x_wconf 90' lang='lat' dir='ltr'><strong>et</strong></span> <span class='ocrx_word' id='word_1_301' title='bbox 1077 1812 1157 1843; x_wconf 89' lang='lat' dir='ltr'><strong>Dies</strong></span> <span class='ocrx_word' id='word_1_302' title='bbox 1184 1812 1262 1843; x_wconf 81' lang='lat'><strong>376.</strong></span> <span class='ocrx_word' id='word_1_303' title='bbox 1286 1808 1370 1844; x_wconf 82' lang='lat'><strong>377.</strong></span> <span class='ocrx_word' id='word_1_304' title='bbox 1397 1813 1451 1844; x_wconf 89' lang='lat' dir='ltr'><strong>ed.</strong></span> <span class='ocrx_word' id='word_1_305' title='bbox 1469 1811 1577 1845; x_wconf 73' lang='lat' dir='ltr'><strong>Gottl.</strong></span> <span class='ocrx_word' id='word_1_306' title='bbox 1600 1816 1830 1853; x_wconf 83' lang='lat' dir='ltr'><strong>provocantes</strong></span> <span class='ocrx_word' id='word_1_307' title='bbox 1846 1814 2049 1853; x_wconf 76' lang='lat' dir='ltr'><strong>Lycurgum</strong></span> <span class='ocrx_word' id='word_1_308' title='bbox 2070 1811 2187 1843; x_wconf 88' lang='lat' dir='ltr'><strong>unicos</strong></span> <span class='ocrx_word' id='word_1_309' title='bbox 2207 1810 2295 1842; x_wconf 80' lang='lat' dir='ltr'><strong>iiiios</strong></span> <span class='ocrx_word' id='word_1_310' title='bbox 2317 1812 2358 1841; x_wconf 80' lang='lat' dir='ltr'><strong>ab</strong></span> <span class='ocrx_word' id='word_1_311' title='bbox 2380 1812 2490 1843; x_wconf 80' lang='lat' dir='ltr'><strong>unicis</strong></span> 
     </span>
     <span class='ocr_line' id='line_1_24' title="bbox 223 1865 2489 1914; baseline 0.002 -16"><span class='ocrx_word' id='word_1_312' title='bbox 223 1868 379 1907; x_wconf 85' lang='lat' dir='ltr'><strong>patribus</strong></span> <span class='ocrx_word' id='word_1_313' title='bbox 405 1869 575 1909; x_wconf 85' lang='lat' dir='ltr'><strong>procreari</strong></span> <span class='ocrx_word' id='word_1_314' title='bbox 602 1865 762 1900; x_wconf 79' lang='lat' dir='ltr'><strong>voluisse</strong></span> <span class='ocrx_word' id='word_1_315' title='bbox 788 1869 960 1910; x_wconf 84' lang='lat' dir='ltr'><strong>dicerent,</strong></span> <span class='ocrx_word' id='word_1_316' title='bbox 987 1877 1053 1909; x_wconf 90' lang='lat' dir='ltr'><strong>quo</strong></span> <span class='ocrx_word' id='word_1_317' title='bbox 1080 1872 1250 1902; x_wconf 81' lang='lat' dir='ltr'><strong>cresceret</strong></span> <span class='ocrx_word' id='word_1_318' title='bbox 1274 1879 1330 1901; x_wconf 86' lang='lat' dir='ltr'><strong>res</strong></span> <span class='ocrx_word' id='word_1_319' title='bbox 1355 1869 1554 1914; x_wconf 79' lang='lat' dir='ltr'><strong>familiaris3</strong></span> <span class='ocrx_word' id='word_1_320' title='bbox 1590 1872 1736 1910; x_wconf 88' lang='lat' dir='ltr'><strong>eiusque</strong></span> <span class='ocrx_word' id='word_1_321' title='bbox 1767 1871 1816 1902; x_wconf 88' lang='lat' dir='ltr'><strong>rei</strong></span> <span class='ocrx_word' id='word_1_322' title='bbox 1855 1873 1978 1901; x_wconf 89' lang='lat' dir='ltr'><strong>testem</strong></span> <span class='ocrx_word' id='word_1_323' title='bbox 2016 1870 2177 1899; x_wconf 83' lang='lat' dir='ltr'><strong>adhibent</strong></span> <span class='ocrx_word' id='word_1_324' title='bbox 2202 1869 2420 1900; x_wconf 82' lang='lat' dir='ltr'><strong>Plutarchum</strong></span> <span class='ocrx_word' id='word_1_325' title='bbox 2454 1872 2489 1902; x_wconf 87' lang='lat' dir='ltr'><strong>in</strong></span> 
     </span>
     <span class='ocr_line' id='line_1_25' title="bbox 223 1927 2490 1968; baseline 0.002 -12"><span class='ocrx_word' id='word_1_326' title='bbox 223 1928 364 1957; x_wconf 85' lang='lat' dir='ltr'><strong>scholiis</strong></span> <span class='ocrx_word' id='word_1_327' title='bbox 398 1927 587 1966; x_wconf 78' lang='lat' dir='ltr'><strong>deperditis</strong></span> <span class='ocrx_word' id='word_1_328' title='bbox 623 1929 664 1958; x_wconf 82' lang='lat' dir='ltr'><strong>ad</strong></span> <span class='ocrx_word' id='word_1_329' title='bbox 697 1929 896 1959; x_wconf 82' lang='lat' dir='ltr'><strong>Hesiodum.</strong></span> <span class='ocrx_word' id='word_1_330' title='bbox 938 1928 994 1959; x_wconf 68' lang='grc' dir='ltr'><strong>(Ὺ.</strong></span> <span class='ocrx_word' id='word_1_331' title='bbox 1019 1928 1177 1959; x_wconf 80' lang='lat' dir='ltr'><strong>Proetum</strong></span> <span class='ocrx_word' id='word_1_332' title='bbox 1210 1929 1253 1959; x_wconf 88' lang='lat' dir='ltr'><strong>ad</strong></span> <span class='ocrx_word' id='word_1_333' title='bbox 1287 1929 1428 1960; x_wconf 87' lang='lat' dir='ltr'><strong>Hesiod.</strong></span> <span class='ocrx_word' id='word_1_334' title='bbox 1455 1939 1487 1968; x_wconf 89' lang='lat' dir='ltr'><strong>p.</strong></span> <span class='ocrx_word' id='word_1_335' title='bbox 1515 1928 1590 1960; x_wconf 76' lang='lat'><strong>198.</strong></span> <span class='ocrx_word' id='word_1_336' title='bbox 1617 1929 1727 1960; x_wconf 83' lang='lat' dir='ltr'><strong>Gaiss.</strong></span> <span class='ocrx_word' id='word_1_337' title='bbox 1778 1929 1843 1960; x_wconf 91' lang='lat' dir='ltr'><strong>Cui</strong></span> <span class='ocrx_word' id='word_1_338' title='bbox 1875 1938 2002 1968; x_wconf 79' lang='lat' dir='ltr'><strong>pravae</strong></span> <span class='ocrx_word' id='word_1_339' title='bbox 2035 1928 2303 1967; x_wconf 78' lang='lat' dir='ltr'><strong>interpretationi</strong></span> <span class='ocrx_word' id='word_1_340' title='bbox 2329 1929 2490 1960; x_wconf 79' lang='lat' dir='ltr'><strong>Montes—</strong></span> 
     </span>
     <span class='ocr_line' id='line_1_26' title="bbox 224 1984 2492 2027; baseline 0.001 -13"><span class='ocrx_word' id='word_1_341' title='bbox 224 1984 385 2024; x_wconf 57' lang='lat' dir='ltr'><strong>quiet-ius</strong></span> <span class='ocrx_word' id='word_1_342' title='bbox 417 1985 533 2024; x_wconf 84' lang='lat' dir='ltr'><strong>Esprit</strong></span> <span class='ocrx_word' id='word_1_343' title='bbox 566 1986 626 2015; x_wconf 88' lang='lat' dir='ltr'><strong>des</strong></span> <span class='ocrx_word' id='word_1_344' title='bbox 660 1985 726 2015; x_wconf 87' lang='lat' dir='ltr'><strong>lois</strong></span> <span class='ocrx_word' id='word_1_345' title='bbox 758 1986 890 2023; x_wconf 85' lang='lat' dir='ltr'>XXIII,</span> <span class='ocrx_word' id='word_1_346' title='bbox 927 1985 971 2015; x_wconf 87' lang='grc'><strong>17</strong></span> <span class='ocrx_word' id='word_1_347' title='bbox 1003 1995 1100 2016; x_wconf 86' lang='lat' dir='ltr'><strong>suam</strong></span> <span class='ocrx_word' id='word_1_348' title='bbox 1125 1987 1365 2017; x_wconf 79' lang='lat' dir='ltr'><strong>auctoritatem</strong></span> <span class='ocrx_word' id='word_1_349' title='bbox 1400 1987 1567 2027; x_wconf 84' lang='lat' dir='ltr'><strong>adiungit.</strong></span> <span class='ocrx_word' id='word_1_350' title='bbox 1617 1987 1688 2018; x_wconf 87' lang='lat' dir='ltr'><strong>Sed</strong></span> <span class='ocrx_word' id='word_1_351' title='bbox 1716 1996 1759 2018; x_wconf 90' lang='lat' dir='ltr'><strong>ne</strong></span> <span class='ocrx_word' id='word_1_352' title='bbox 1785 1988 1894 2017; x_wconf 85' lang='lat' dir='ltr'><strong>dicam</strong></span> <span class='ocrx_word' id='word_1_353' title='bbox 1920 1987 2008 2024; x_wconf 88' lang='lat' dir='ltr'><strong>quod</strong></span> <span class='ocrx_word' id='word_1_354' title='bbox 2035 1986 2161 2024; x_wconf 89' lang='lat' dir='ltr'><strong>passim</strong></span> <span class='ocrx_word' id='word_1_355' title='bbox 2187 1990 2319 2015; x_wconf 85' lang='lat' dir='ltr'><strong>ternum</strong></span> <span class='ocrx_word' id='word_1_356' title='bbox 2348 1991 2492 2023; x_wconf 86' lang='lat' dir='ltr'><strong>quater-</strong></span> 
     </span>
     <span class='ocr_line' id='line_1_27' title="bbox 223 2043 2492 2087; baseline 0.001 -15"><span class='ocrx_word' id='word_1_357' title='bbox 223 2051 349 2073; x_wconf 86' lang='lat' dir='ltr'><strong>numve</strong></span> <span class='ocrx_word' id='word_1_358' title='bbox 372 2043 515 2074; x_wconf 86' lang='lat' dir='ltr'><strong>filiorum</strong></span> <span class='ocrx_word' id='word_1_359' title='bbox 535 2046 651 2082; x_wconf 79' lang='lat' dir='ltr'><strong>patres</strong></span> <span class='ocrx_word' id='word_1_360' title='bbox 668 2044 755 2082; x_wconf 85' lang='lat' dir='ltr'><strong>apud</strong></span> <span class='ocrx_word' id='word_1_361' title='bbox 771 2044 958 2082; x_wconf 75' lang='lat' dir='ltr'><strong>Spartanos</strong></span> <span class='ocrx_word' id='word_1_362' title='bbox 980 2047 1298 2087; x_wconf 80' lang='lat' dir='ltr'><strong>commemorantur,</strong></span> <span class='ocrx_word' id='word_1_363' title='bbox 1324 2044 1416 2075; x_wconf 84' lang='lat' dir='ltr'><strong>aliud</strong></span> <span class='ocrx_word' id='word_1_364' title='bbox 1434 2047 1489 2076; x_wconf 86' lang='lat' dir='ltr'><strong>est</strong></span> <span class='ocrx_word' id='word_1_365' title='bbox 1506 2046 1597 2077; x_wconf 80' lang='lat' dir='ltr'><strong>velle</strong></span> <span class='ocrx_word' id='word_1_366' title='bbox 1623 2045 1748 2083; x_wconf 82' lang='lat' dir='ltr'><strong>aliquid</strong></span> <span class='ocrx_word' id='word_1_367' title='bbox 1776 2043 1852 2075; x_wconf 83' lang='lat' dir='ltr'><strong>fieri</strong></span> <span class='ocrx_word' id='word_1_368' title='bbox 1877 2048 1911 2075; x_wconf 90' lang='lat' dir='ltr'><strong>et</strong></span> <span class='ocrx_word' id='word_1_369' title='bbox 1937 2043 2194 2083; x_wconf 81' lang='lat' dir='ltr'><strong>concupiscere,</strong></span> <span class='ocrx_word' id='word_1_370' title='bbox 2219 2043 2252 2072; x_wconf 89' lang='lat' dir='ltr'><strong>id</strong></span> <span class='ocrx_word' id='word_1_371' title='bbox 2272 2044 2362 2081; x_wconf 87' lang='lat' dir='ltr'><strong>quod</strong></span> <span class='ocrx_word' id='word_1_372' title='bbox 2388 2047 2492 2083; x_wconf 79' lang='lat' dir='ltr'><strong>poeta</strong></span> 
     </span>
     <span class='ocr_line' id='line_1_28' title="bbox 221 2094 2487 2149; baseline 0.001 -20"><span class='ocrx_word' id='word_1_373' title='bbox 221 2100 325 2140; x_wconf 77' lang='lat' dir='ltr'><strong>facit,</strong></span> <span class='ocrx_word' id='word_1_374' title='bbox 363 2100 455 2130; x_wconf 83' lang='lat' dir='ltr'><strong>aliud</strong></span> <span class='ocrx_word' id='word_1_375' title='bbox 484 2101 612 2131; x_wconf 88' lang='lat' dir='ltr'><strong>iubere.</strong></span> <span class='ocrx_word' id='word_1_376' title='bbox 662 2102 783 2140; x_wconf 88' lang='lat' dir='ltr'><strong>Neque</strong></span> <span class='ocrx_word' id='word_1_377' title='bbox 808 2103 989 2140; x_wconf 82' lang='lat' dir='ltr'><strong>quidquam</strong></span> <span class='ocrx_word' id='word_1_378' title='bbox 1016 2102 1176 2142; x_wconf 88' lang='lat' dir='ltr'><strong>impedit,</strong></span> <span class='ocrx_word' id='word_1_379' title='bbox 1210 2111 1276 2140; x_wconf 88' lang='lat' dir='ltr'><strong>quo</strong></span> <span class='ocrx_word' id='word_1_380' title='bbox 1303 2102 1415 2132; x_wconf 88' lang='lat' dir='ltr'><strong>minus</strong></span> <span class='ocrx_word' id='word_1_381' title='bbox 1439 2102 1580 2133; x_wconf 77' lang='lat' dir='ltr'><strong>Hesiodi</strong></span> <span class='ocrx_word' id='word_1_382' title='bbox 1604 2096 1778 2149; x_wconf 71' lang='grc' dir='ltr'><strong><em>πατρώιος</em></strong></span> <span class='ocrx_word' id='word_1_383' title='bbox 1804 2094 1899 2139; x_wconf 81' lang='grc' dir='ltr'><strong><em>οἶκος</em></strong></span> <span class='ocrx_word' id='word_1_384' title='bbox 1932 2110 1990 2139; x_wconf 90' lang='lat' dir='ltr'><strong>pro</strong></span> <span class='ocrx_word' id='word_1_385' title='bbox 2014 2101 2169 2139; x_wconf 71' lang='lat' dir='ltr'><strong>Lycurgi</strong></span> <span class='ocrx_word' id='word_1_386' title='bbox 2194 2095 2280 2143; x_wconf 77' lang='grc' dir='ltr'><strong><em>οἴκῳ</em></strong></span> <span class='ocrx_word' id='word_1_387' title='bbox 2306 2101 2487 2143; x_wconf 82' lang='lat' dir='ltr'><strong>habeatur,</strong></span> 
     </span>
     <span class='ocr_line' id='line_1_29' title="bbox 220 2150 2488 2205; baseline 0.001 -17"><span class='ocrx_word' id='word_1_388' title='bbox 220 2166 321 2195; x_wconf 89' lang='lat' dir='ltr'><strong>quem</strong></span> <span class='ocrx_word' id='word_1_389' title='bbox 357 2159 502 2189; x_wconf 90' lang='lat' dir='ltr'><strong>eundem</strong></span> <span class='ocrx_word' id='word_1_390' title='bbox 536 2161 673 2190; x_wconf 84' lang='lat' dir='ltr'><strong>constat</strong></span> <span class='ocrx_word' id='word_1_391' title='bbox 711 2153 838 2205; x_wconf 72' lang='grc' dir='ltr'><strong><em>κλῆρον</em></strong></span> <span class='ocrx_word' id='word_1_392' title='bbox 870 2159 1036 2199; x_wconf 84' lang='lat' dir='ltr'><strong>appellari</strong></span> <span class='ocrx_word' id='word_1_393' title='bbox 1062 2162 1097 2191; x_wconf 85' lang='lat' dir='ltr'><strong>et</strong></span> <span class='ocrx_word' id='word_1_394' title='bbox 1120 2161 1193 2198; x_wconf 79' lang='grc' dir='ltr'><strong><em>τοῖς</em></strong></span> <span class='ocrx_word' id='word_1_395' title='bbox 1229 2152 1388 2203; x_wconf 81' lang='grc' dir='ltr'><strong><em>χρήμασι</em></strong></span> <span class='ocrx_word' id='word_1_396' title='bbox 1419 2161 1553 2199; x_wconf 89' lang='lat' dir='ltr'><strong>opponi.</strong></span> <span class='ocrx_word' id='word_1_397' title='bbox 1589 2161 1650 2192; x_wconf 83' lang='lat' dir='ltr'><strong>Sic</strong></span> <span class='ocrx_word' id='word_1_398' title='bbox 1680 2156 1769 2191; x_wconf 88' lang='lat' dir='ltr'><strong>Plut.</strong></span> <span class='ocrx_word' id='word_1_399' title='bbox 1803 2160 1877 2191; x_wconf 85' lang='lat' dir='ltr'><strong>Sol.</strong></span> <span class='ocrx_word' id='word_1_400' title='bbox 1915 2158 1955 2189; x_wconf 80' lang='lat'><strong>21</strong></span> <span class='ocrx_word' id='word_1_401' title='bbox 1995 2160 2084 2190; x_wconf 89' lang='lat' dir='ltr'><strong>iuter</strong></span> <span class='ocrx_word' id='word_1_402' title='bbox 2114 2150 2213 2190; x_wconf 78' lang='grc' dir='ltr'><strong><em>οἶκον</em></strong></span> <span class='ocrx_word' id='word_1_403' title='bbox 2245 2163 2277 2189; x_wconf 82' lang='lat' dir='ltr'><strong>et</strong></span> <span class='ocrx_word' id='word_1_404' title='bbox 2314 2152 2488 2204; x_wconf 69' lang='grc' dir='ltr'><strong><em>χρήματα</em></strong></span> 
     </span>
     <span class='ocr_line' id='line_1_30' title="bbox 221 2208 2492 2263; baseline 0.002 -18"><span class='ocrx_word' id='word_1_405' title='bbox 221 2215 418 2257; x_wconf 81' lang='lat' dir='ltr'><strong>distinguit,</strong></span> <span class='ocrx_word' id='word_1_406' title='bbox 442 2218 478 2247; x_wconf 88' lang='lat' dir='ltr'><strong>et</strong></span> <span class='ocrx_word' id='word_1_407' title='bbox 501 2216 611 2256; x_wconf 83' lang='lat' dir='ltr'><strong>Ages.</strong></span> <span class='ocrx_word' id='word_1_408' title='bbox 639 2216 659 2248; x_wconf 77' lang='lat'>4</span> <span class='ocrx_word' id='word_1_409' title='bbox 683 2210 729 2248; x_wconf 73' lang='grc' dir='ltr'><strong>τά</strong></span> <span class='ocrx_word' id='word_1_410' title='bbox 751 2212 921 2263; x_wconf 69' lang='grc' dir='ltr'><strong><em>χρήματα</em></strong></span> <span class='ocrx_word' id='word_1_411' title='bbox 946 2217 1072 2259; x_wconf 85' lang='lat' dir='ltr'><strong>Agidis</strong></span> <span class='ocrx_word' id='word_1_412' title='bbox 1107 2217 1269 2258; x_wconf 81' lang='lat' dir='ltr'><strong>Agesilao</strong></span> <span class='ocrx_word' id='word_1_413' title='bbox 1292 2218 1437 2260; x_wconf 83' lang='lat' dir='ltr'><strong>addicit,</strong></span> <span class='ocrx_word' id='word_1_414' title='bbox 1470 2225 1537 2249; x_wconf 89' lang='lat' dir='ltr'><strong>non</strong></span> <span class='ocrx_word' id='word_1_415' title='bbox 1567 2210 1630 2249; x_wconf 81' lang='grc' dir='ltr'><strong><em>τόν</em></strong></span> <span class='ocrx_word' id='word_1_416' title='bbox 1661 2208 1769 2249; x_wconf 81' lang='grc' dir='ltr'><strong><em>οἶκον.</em></strong></span> <span class='ocrx_word' id='word_1_417' title='bbox 1819 2214 1932 2257; x_wconf 82' lang='lat' dir='ltr'><strong>Quam</strong></span> <span class='ocrx_word' id='word_1_418' title='bbox 1966 2224 2050 2248; x_wconf 79' lang='lat' dir='ltr'><strong>vero</strong></span> <span class='ocrx_word' id='word_1_419' title='bbox 2081 2217 2179 2248; x_wconf 87' lang='lat' dir='ltr'><strong>Plato</strong></span> <span class='ocrx_word' id='word_1_420' title='bbox 2210 2215 2244 2247; x_wconf 90' lang='lat' dir='ltr'><strong>in</strong></span> <span class='ocrx_word' id='word_1_421' title='bbox 2277 2217 2492 2249; x_wconf 81' lang='lat' dir='ltr'><strong>memorabili</strong></span> 
     </span>
     <span class='ocr_line' id='line_1_31' title="bbox 221 2272 2489 2316; baseline 0.001 -12"><span class='ocrx_word' id='word_1_422' title='bbox 221 2274 298 2305; x_wconf 88' lang='lat' dir='ltr'><strong>Ioco</strong></span> <span class='ocrx_word' id='word_1_423' title='bbox 340 2275 453 2316; x_wconf 84' lang='lat' dir='ltr'><strong>Legg.</strong></span> <span class='ocrx_word' id='word_1_424' title='bbox 492 2272 555 2306; x_wconf 84' lang='lat' dir='ltr'><strong>XI.</strong></span> <span class='ocrx_word' id='word_1_425' title='bbox 598 2284 627 2313; x_wconf 85' lang='lat' dir='ltr'><strong>p.</strong></span> <span class='ocrx_word' id='word_1_426' title='bbox 672 2275 748 2306; x_wconf 75' lang='lat'><strong>923.</strong></span> <span class='ocrx_word' id='word_1_427' title='bbox 791 2275 830 2307; x_wconf 90' lang='lat' dir='ltr'><strong>C.</strong></span> <span class='ocrx_word' id='word_1_428' title='bbox 862 2276 949 2314; x_wconf 77' lang='lat' dir='ltr'><strong>patri</strong></span> <span class='ocrx_word' id='word_1_429' title='bbox 973 2275 1117 2307; x_wconf 86' lang='lat' dir='ltr'><strong>liberam</strong></span> <span class='ocrx_word' id='word_1_430' title='bbox 1148 2275 1208 2306; x_wconf 83' lang='lat' dir='ltr'><strong>dat</strong></span> <span class='ocrx_word' id='word_1_431' title='bbox 1238 2275 1441 2308; x_wconf 81' lang='lat' dir='ltr'><strong>facultatem</strong></span> <span class='ocrx_word' id='word_1_432' title='bbox 1482 2285 1584 2307; x_wconf 90' lang='lat' dir='ltr'><strong>unum</strong></span> <span class='ocrx_word' id='word_1_433' title='bbox 1618 2273 1766 2314; x_wconf 84' lang='lat' dir='ltr'><strong>aliquem</strong></span> <span class='ocrx_word' id='word_1_434' title='bbox 1798 2284 1840 2306; x_wconf 84' lang='lat' dir='ltr'><strong>ex</strong></span> <span class='ocrx_word' id='word_1_435' title='bbox 1873 2274 1953 2306; x_wconf 82' lang='lat' dir='ltr'><strong>siliis</strong></span> <span class='ocrx_word' id='word_1_436' title='bbox 1992 2285 2091 2314; x_wconf 89' lang='lat' dir='ltr'><strong>quem</strong></span> <span class='ocrx_word' id='word_1_437' title='bbox 2127 2275 2212 2306; x_wconf 82' lang='lat' dir='ltr'><strong>velit</strong></span> <span class='ocrx_word' id='word_1_438' title='bbox 2245 2275 2292 2305; x_wconf 76' lang='lat' dir='ltr'><strong>ita</strong></span> <span class='ocrx_word' id='word_1_439' title='bbox 2323 2276 2489 2307; x_wconf 81' lang='lat' dir='ltr'><strong>heredem</strong></span> 
     </span>
     <span class='ocr_line' id='line_1_32' title="bbox 222 2331 2489 2375; baseline 0.003 -14"><span class='ocrx_word' id='word_1_440' title='bbox 222 2331 412 2371; x_wconf 84' lang='lat' dir='ltr'><strong>scribendi,</strong></span> <span class='ocrx_word' id='word_1_441' title='bbox 439 2335 476 2363; x_wconf 87' lang='lat' dir='ltr'><strong>ut</strong></span> <span class='ocrx_word' id='word_1_442' title='bbox 501 2333 651 2371; x_wconf 85' lang='lat' dir='ltr'><strong>reliquos</strong></span> <span class='ocrx_word' id='word_1_443' title='bbox 677 2336 737 2365; x_wconf 79' lang='lat' dir='ltr'><strong>ant</strong></span> <span class='ocrx_word' id='word_1_444' title='bbox 761 2334 795 2365; x_wconf 84' lang='lat' dir='ltr'><strong>in</strong></span> <span class='ocrx_word' id='word_1_445' title='bbox 823 2334 909 2365; x_wconf 83' lang='lat' dir='ltr'><strong>alias</strong></span> <span class='ocrx_word' id='word_1_446' title='bbox 934 2337 1058 2375; x_wconf 83' lang='lat' dir='ltr'><strong>gentes</strong></span> <span class='ocrx_word' id='word_1_447' title='bbox 1083 2333 1274 2373; x_wconf 83' lang='lat' dir='ltr'><strong>adoptionis</strong></span> <span class='ocrx_word' id='word_1_448' title='bbox 1299 2334 1375 2366; x_wconf 91' lang='lat' dir='ltr'><strong>iure</strong></span> <span class='ocrx_word' id='word_1_449' title='bbox 1399 2334 1547 2375; x_wconf 87' lang='lat' dir='ltr'><strong>migrare</strong></span> <span class='ocrx_word' id='word_1_450' title='bbox 1571 2334 1707 2375; x_wconf 79' lang='lat' dir='ltr'><strong>iubeat,</strong></span> <span class='ocrx_word' id='word_1_451' title='bbox 1742 2337 1800 2363; x_wconf 89' lang='lat' dir='ltr'><strong>aut</strong></span> <span class='ocrx_word' id='word_1_452' title='bbox 1840 2333 1962 2364; x_wconf 86' lang='lat' dir='ltr'><strong>idonea</strong></span> <span class='ocrx_word' id='word_1_453' title='bbox 1995 2332 2212 2372; x_wconf 85' lang='lat' dir='ltr'><strong>supellectile</strong></span> <span class='ocrx_word' id='word_1_454' title='bbox 2240 2334 2429 2366; x_wconf 85' lang='lat' dir='ltr'><strong>instructos</strong></span> <span class='ocrx_word' id='word_1_455' title='bbox 2454 2335 2489 2367; x_wconf 86' lang='lat' dir='ltr'><strong>in</strong></span> 
     </span>
     <span class='ocr_line' id='line_1_33' title="bbox 221 2384 2485 2436; baseline 0.002 -16"><span class='ocrx_word' id='word_1_456' title='bbox 221 2391 385 2421; x_wconf 78' lang='lat' dir='ltr'><strong>coloniam</strong></span> <span class='ocrx_word' id='word_1_457' title='bbox 419 2391 587 2431; x_wconf 85' lang='lat' dir='ltr'><strong>dimittat,</strong></span> <span class='ocrx_word' id='word_1_458' title='bbox 622 2394 660 2422; x_wconf 88' lang='lat' dir='ltr'><strong>ut</strong></span> <span class='ocrx_word' id='word_1_459' title='bbox 697 2391 806 2430; x_wconf 85' lang='lat' dir='ltr'><strong>patria</strong></span> <span class='ocrx_word' id='word_1_460' title='bbox 840 2391 934 2431; x_wconf 90' lang='lat' dir='ltr'><strong>pulsi</strong></span> <span class='ocrx_word' id='word_1_461' title='bbox 964 2399 1088 2423; x_wconf 87' lang='lat' dir='ltr'><strong>novam</strong></span> <span class='ocrx_word' id='word_1_462' title='bbox 1121 2393 1267 2431; x_wconf 85' lang='lat' dir='ltr'><strong>patriam</strong></span> <span class='ocrx_word' id='word_1_463' title='bbox 1300 2396 1489 2431; x_wconf 87' lang='lat' dir='ltr'><strong>quaerant:</strong></span> <span class='ocrx_word' id='word_1_464' title='bbox 1513 2385 1551 2429; x_wconf 81' lang='grc' dir='ltr'><strong><em>ὅς</em></strong></span> <span class='ocrx_word' id='word_1_465' title='bbox 1586 2384 1633 2422; x_wconf 81' lang='grc' dir='ltr'><strong>α”ν</strong></span> <span class='ocrx_word' id='word_1_466' title='bbox 1662 2384 1845 2428; x_wconf 63' lang='grc' dir='ltr'><strong><em>διαθήκην</em></strong></span> <span class='ocrx_word' id='word_1_467' title='bbox 1869 2385 1986 2436; x_wconf 71' lang='grc' dir='ltr'><strong><em>γράφῃ</em></strong></span> <span class='ocrx_word' id='word_1_468' title='bbox 2011 2385 2057 2422; x_wconf 76' lang='grc' dir='ltr'><strong>τά</strong></span> <span class='ocrx_word' id='word_1_469' title='bbox 2080 2384 2198 2423; x_wconf 75' lang='grc' dir='ltr'><strong><em>αὑτοῦ</em></strong></span> <span class='ocrx_word' id='word_1_470' title='bbox 2224 2389 2485 2434; x_wconf 61' lang='grc' dir='ltr'><strong><em>διατιθέμενος,</em></strong></span> 
     </span>
     <span class='ocr_line' id='line_1_34' title="bbox 216 2441 2486 2495; baseline 0.002 -16"><span class='ocrx_word' id='word_1_471' title='bbox 216 2441 353 2480; x_wconf 79' lang='grc' dir='ltr'><em>παίδων</em></span> <span class='ocrx_word' id='word_1_472' title='bbox 378 2441 428 2480; x_wconf 80' lang='grc' dir='ltr'><strong><em>ὢν</em></strong></span> <span class='ocrx_word' id='word_1_473' title='bbox 451 2441 578 2493; x_wconf 72' lang='grc' dir='ltr'><strong><em>πατὴρ,</em></strong></span> <span class='ocrx_word' id='word_1_474' title='bbox 597 2449 731 2493; x_wconf 75' lang='grc' dir='ltr'><strong><em>πρῶτον</em></strong></span> <span class='ocrx_word' id='word_1_475' title='bbox 752 2449 814 2492; x_wconf 76' lang='grc' dir='ltr'><strong><em>μὲν</em></strong></span> <span class='ocrx_word' id='word_1_476' title='bbox 836 2449 907 2482; x_wconf 77' lang='grc' dir='ltr'><strong><em>τῶν</em></strong></span> <span class='ocrx_word' id='word_1_477' title='bbox 932 2446 1037 2483; x_wconf 78' lang='grc' dir='ltr'><strong><em>υἱέων</em></strong></span> <span class='ocrx_word' id='word_1_478' title='bbox 1059 2443 1279 2495; x_wconf 77' lang='grc' dir='ltr'><strong><em>κληρονόμον</em></strong></span> <span class='ocrx_word' id='word_1_479' title='bbox 1303 2444 1347 2483; x_wconf 87' lang='grc' dir='ltr'><strong><em>ὃν</em></strong></span> <span class='ocrx_word' id='word_1_480' title='bbox 1370 2444 1416 2483; x_wconf 80' lang='grc' dir='ltr'><strong><em>ἂν</em></strong></span> <span class='ocrx_word' id='word_1_481' title='bbox 1440 2443 1572 2494; x_wconf 72' lang='grc' dir='ltr'><strong><em>ἀξιώσῃ</em></strong></span> <span class='ocrx_word' id='word_1_482' title='bbox 1597 2445 1780 2491; x_wconf 62' lang='grc' dir='ltr'><strong><em>γίγνεσθαι</em></strong></span> <span class='ocrx_word' id='word_1_483' title='bbox 1800 2447 1975 2494; x_wconf 73' lang='grc' dir='ltr'><strong><em>γραφέτω,</em></strong></span> <span class='ocrx_word' id='word_1_484' title='bbox 1995 2449 2064 2481; x_wconf 83' lang='grc' dir='ltr'><strong><em>τῶν</em></strong></span> <span class='ocrx_word' id='word_1_485' title='bbox 2089 2443 2129 2481; x_wconf 76' lang='grc' dir='ltr'><strong>δὲ</strong></span> <span class='ocrx_word' id='word_1_486' title='bbox 2149 2441 2269 2481; x_wconf 63' lang='grc' dir='ltr'><strong><em>ἄλλων</em></strong></span> <span class='ocrx_word' id='word_1_487' title='bbox 2286 2445 2423 2483; x_wconf 70' lang='grc' dir='ltr'><strong><em>παίδων</em></strong></span> <span class='ocrx_word' id='word_1_488' title='bbox 2442 2445 2486 2483; x_wconf 73' lang='grc' dir='ltr'><strong><em>ὃν</em></strong></span> 
     </span>
     <span class='ocr_line' id='line_1_35' title="bbox 217 2497 2483 2553; baseline 0.002 -17"><span class='ocrx_word' id='word_1_489' title='bbox 217 2497 263 2536; x_wconf 80' lang='grc' dir='ltr'><strong><em>ἄν</em></strong></span> <span class='ocrx_word' id='word_1_490' title='bbox 280 2504 342 2548; x_wconf 76' lang='grc' dir='ltr'><strong><em>μὲν</em></strong></span> <span class='ocrx_word' id='word_1_491' title='bbox 359 2501 460 2551; x_wconf 75' lang='grc' dir='ltr'><em>ἑτέρῳ</em></span> <span class='ocrx_word' id='word_1_492' title='bbox 488 2502 671 2539; x_wconf 64' lang='grc' dir='ltr'><strong><em>ποιεῖσθαι</em></strong></span> <span class='ocrx_word' id='word_1_493' title='bbox 697 2500 786 2550; x_wconf 75' lang='grc' dir='ltr'>διδῷ</span> <span class='ocrx_word' id='word_1_494' title='bbox 812 2503 1006 2551; x_wconf 76' lang='grc' dir='ltr'><em>δεχομένῳ,</em></span> <span class='ocrx_word' id='word_1_495' title='bbox 1028 2505 1222 2553; x_wconf 68' lang='grc' dir='ltr'><strong><em>γραφέσθω</em></strong></span> <span class='ocrx_word' id='word_1_496' title='bbox 1243 2509 1353 2542; x_wconf 78' lang='grc' dir='ltr'><strong><em>τοῦτο</em></strong></span> <span class='ocrx_word' id='word_1_497' title='bbox 1370 2501 1473 2542; x_wconf 77' lang='grc' dir='ltr'><strong><em>αὐτό·</em></strong></span> <span class='ocrx_word' id='word_1_498' title='bbox 1491 2500 1552 2539; x_wconf 78' lang='grc' dir='ltr'><strong><em>ἐάν</em></strong></span> <span class='ocrx_word' id='word_1_499' title='bbox 1575 2501 1612 2538; x_wconf 78' lang='grc' dir='ltr'><strong>δὲ</strong></span> <span class='ocrx_word' id='word_1_500' title='bbox 1627 2503 1864 2553; x_wconf 76' lang='grc' dir='ltr'><strong><em>περιγίγνηταί</em></strong></span> <span class='ocrx_word' id='word_1_501' title='bbox 1883 2515 1933 2545; x_wconf 83' lang='grc' dir='ltr'><strong><em>τις</em></strong></span> <span class='ocrx_word' id='word_1_502' title='bbox 1947 2507 2016 2538; x_wconf 78' lang='grc' dir='ltr'><strong><em>τῶν</em></strong></span> <span class='ocrx_word' id='word_1_503' title='bbox 2035 2503 2139 2539; x_wconf 78' lang='grc' dir='ltr'><strong><em>υἱέων</em></strong></span> <span class='ocrx_word' id='word_1_504' title='bbox 2157 2500 2260 2550; x_wconf 73' lang='grc' dir='ltr'><strong><em>αὐτῷ</em></strong></span> <span class='ocrx_word' id='word_1_505' title='bbox 2277 2501 2325 2550; x_wconf 70' lang='grc' dir='ltr'><strong>μή</strong></span> <span class='ocrx_word' id='word_1_506' title='bbox 2343 2504 2399 2538; x_wconf 78' lang='grc' dir='ltr'><strong><em>ἐπί</em></strong></span> <span class='ocrx_word' id='word_1_507' title='bbox 2414 2517 2483 2540; x_wconf 51' lang='grc' dir='ltr'>τινι</span> 
     </span>
     <span class='ocr_line' id='line_1_36' title="bbox 218 2556 2489 2609; baseline 0.001 -16"><span class='ocrx_word' id='word_1_508' title='bbox 218 2556 333 2607; x_wconf 73' lang='grc' dir='ltr'><strong><em>κλήρῳ</em></strong></span> <span class='ocrx_word' id='word_1_509' title='bbox 357 2562 606 2607; x_wconf 75' lang='grc' dir='ltr'><strong>πεποιημένος,</strong></span> <span class='ocrx_word' id='word_1_510' title='bbox 632 2559 674 2596; x_wconf 79' lang='grc' dir='ltr'><strong><em>ὃν</em></strong></span> <span class='ocrx_word' id='word_1_511' title='bbox 699 2560 791 2596; x_wconf 79' lang='grc' dir='ltr'><strong><em>κατά</em></strong></span> <span class='ocrx_word' id='word_1_512' title='bbox 826 2560 937 2608; x_wconf 74' lang='grc' dir='ltr'><strong><em>νόμον</em></strong></span> <span class='ocrx_word' id='word_1_513' title='bbox 962 2560 1054 2604; x_wconf 76' lang='grc' dir='ltr'><strong><em>ἐλπὶς</em></strong></span> <span class='ocrx_word' id='word_1_514' title='bbox 1085 2563 1133 2605; x_wconf 84' lang='grc' dir='ltr'><strong><em>εἰς</em></strong></span> <span class='ocrx_word' id='word_1_515' title='bbox 1166 2559 1335 2598; x_wconf 79' lang='grc' dir='ltr'><strong>ἀποικίαν</strong></span> <span class='ocrx_word' id='word_1_516' title='bbox 1361 2560 1689 2609; x_wconf 63' lang='grc' dir='ltr'><strong><em>ἐκπεμφθήσεσθαι,</em></strong></span> <span class='ocrx_word' id='word_1_517' title='bbox 1709 2559 1824 2608; x_wconf 76' lang='grc' dir='ltr'><strong><em>τούτῳ</em></strong></span> <span class='ocrx_word' id='word_1_518' title='bbox 1841 2566 1910 2595; x_wconf 81' lang='grc' dir='ltr'><strong><em>τῶν</em></strong></span> <span class='ocrx_word' id='word_1_519' title='bbox 1931 2559 2050 2596; x_wconf 58' lang='lat' dir='ltr'><strong>&amp;Ue-w</strong></span> <span class='ocrx_word' id='word_1_520' title='bbox 2066 2560 2262 2608; x_wconf 77' lang='grc' dir='ltr'><strong><em>χρημάτων</em></strong></span> <span class='ocrx_word' id='word_1_521' title='bbox 2288 2563 2409 2608; x_wconf 75' lang='grc' dir='ltr'><strong><em>ἐξέστω</em></strong></span> <span class='ocrx_word' id='word_1_522' title='bbox 2433 2567 2489 2609; x_wconf 60' lang='grc' dir='ltr'><strong>τῷ</strong></span> 
     </span>
     <span class='ocr_line' id='line_1_37' title="bbox 217 2611 2485 2668; baseline 0.001 -15"><span class='ocrx_word' id='word_1_523' title='bbox 217 2622 323 2668; x_wconf 75' lang='grc' dir='ltr'><strong><em>πατρὶ</em></strong></span> <span class='ocrx_word' id='word_1_524' title='bbox 346 2617 491 2655; x_wconf 73' lang='grc' dir='ltr'><strong><em>διδόναι</em></strong></span> <span class='ocrx_word' id='word_1_525' title='bbox 515 2611 585 2655; x_wconf 73' lang='grc' dir='ltr'><strong><em>ὅσα</em></strong></span> <span class='ocrx_word' id='word_1_526' title='bbox 610 2618 656 2656; x_wconf 75' lang='grc' dir='ltr'><strong><em>ἄν</em></strong></span> <span class='ocrx_word' id='word_1_527' title='bbox 681 2619 798 2667; x_wconf 63' lang='grc' dir='ltr'>ἐθέλῃ,</span> <span class='ocrx_word' id='word_1_528' title='bbox 828 2626 892 2657; x_wconf 87' lang='lat' dir='ltr'><strong>hoc</strong></span> <span class='ocrx_word' id='word_1_529' title='bbox 920 2628 1052 2656; x_wconf 85' lang='lat' dir='ltr'><strong>tantum</strong></span> <span class='ocrx_word' id='word_1_530' title='bbox 1071 2626 1176 2655; x_wconf 86' lang='lat' dir='ltr'><strong>distat</strong></span> <span class='ocrx_word' id='word_1_531' title='bbox 1201 2627 1242 2655; x_wconf 87' lang='lat' dir='ltr'><strong>ab</strong></span> <span class='ocrx_word' id='word_1_532' title='bbox 1268 2625 1485 2663; x_wconf 68' lang='lat' dir='ltr'><strong>antiquitatis</strong></span> <span class='ocrx_word' id='word_1_533' title='bbox 1511 2622 1749 2662; x_wconf 83' lang='lat' dir='ltr'><strong>simplicitate,</strong></span> <span class='ocrx_word' id='word_1_534' title='bbox 1787 2626 1823 2653; x_wconf 88' lang='lat' dir='ltr'><strong>ut</strong></span> <span class='ocrx_word' id='word_1_535' title='bbox 1846 2622 1945 2653; x_wconf 79' lang='lat' dir='ltr'><strong>Plato</strong></span> <span class='ocrx_word' id='word_1_536' title='bbox 1970 2623 2105 2660; x_wconf 88' lang='lat' dir='ltr'><strong>quidem</strong></span> <span class='ocrx_word' id='word_1_537' title='bbox 2132 2624 2297 2655; x_wconf 84' lang='lat' dir='ltr'><strong>eiusmodi</strong></span> <span class='ocrx_word' id='word_1_538' title='bbox 2323 2626 2403 2662; x_wconf 87' lang='lat' dir='ltr'><strong>quid</strong></span> <span class='ocrx_word' id='word_1_539' title='bbox 2430 2626 2485 2655; x_wconf 90' lang='lat' dir='ltr'><strong>in-</strong></span> 
     </span>
     <span class='ocr_line' id='line_1_38' title="bbox 217 2680 2486 2725; baseline 0.002 -14"><span class='ocrx_word' id='word_1_540' title='bbox 217 2680 340 2712; x_wconf 88' lang='lat' dir='ltr'><strong>venire</strong></span> <span class='ocrx_word' id='word_1_541' title='bbox 367 2683 498 2724; x_wconf 87' lang='lat' dir='ltr'><strong>posset,</strong></span> <span class='ocrx_word' id='word_1_542' title='bbox 522 2683 710 2724; x_wconf 81' lang='lat' dir='ltr'><strong>Lycurgus</strong></span> <span class='ocrx_word' id='word_1_543' title='bbox 735 2693 801 2715; x_wconf 91' lang='lat' dir='ltr'><strong>non</strong></span> <span class='ocrx_word' id='word_1_544' title='bbox 827 2686 952 2723; x_wconf 90' lang='lat' dir='ltr'><strong>posset.</strong></span> <span class='ocrx_word' id='word_1_545' title='bbox 1002 2681 1079 2723; x_wconf 82' lang='lat' dir='ltr'><strong>Qua</strong></span> <span class='ocrx_word' id='word_1_546' title='bbox 1103 2682 1262 2714; x_wconf 86' lang='lat' dir='ltr'><strong>Platonis</strong></span> <span class='ocrx_word' id='word_1_547' title='bbox 1287 2683 1491 2714; x_wconf 79' lang='lat' dir='ltr'><strong>auctoritate</strong></span> <span class='ocrx_word' id='word_1_548' title='bbox 1517 2681 1647 2713; x_wconf 88' lang='lat' dir='ltr'><strong>nobiles</strong></span> <span class='ocrx_word' id='word_1_549' title='bbox 1671 2680 1837 2722; x_wconf 86' lang='lat' dir='ltr'><strong>homines,</strong></span> <span class='ocrx_word' id='word_1_550' title='bbox 1863 2681 1920 2719; x_wconf 89' lang='lat' dir='ltr'><strong>qui</strong></span> <span class='ocrx_word' id='word_1_551' title='bbox 1946 2680 2092 2712; x_wconf 74' lang='lat' dir='ltr'><strong>eandem</strong></span> <span class='ocrx_word' id='word_1_552' title='bbox 2119 2681 2230 2723; x_wconf 81' lang='lat' dir='ltr'><strong>legem</strong></span> <span class='ocrx_word' id='word_1_553' title='bbox 2256 2681 2355 2713; x_wconf 84' lang='lat' dir='ltr'><strong>cuius</strong></span> <span class='ocrx_word' id='word_1_554' title='bbox 2380 2692 2486 2725; x_wconf 80' lang='lat' dir='ltr'><strong>supra</strong></span> 
     </span>
     <span class='ocr_line' id='line_1_39' title="bbox 216 2738 2484 2783; baseline 0.001 -14"><span class='ocrx_word' id='word_1_555' title='bbox 216 2738 341 2771; x_wconf 89' lang='lat' dir='ltr'><strong>mentio</strong></span> <span class='ocrx_word' id='word_1_556' title='bbox 382 2738 476 2771; x_wconf 86' lang='lat' dir='ltr'><strong>sacta</strong></span> <span class='ocrx_word' id='word_1_557' title='bbox 511 2742 564 2772; x_wconf 87' lang='lat' dir='ltr'><strong>est</strong></span> <span class='ocrx_word' id='word_1_558' title='bbox 596 2740 669 2772; x_wconf 88' lang='lat' dir='ltr'><strong>suis</strong></span> <span class='ocrx_word' id='word_1_559' title='bbox 701 2741 862 2782; x_wconf 85' lang='lat' dir='ltr'><strong>gentibus</strong></span> <span class='ocrx_word' id='word_1_560' title='bbox 894 2740 1150 2783; x_wconf 53' lang='lat' dir='ltr'><strong>scripserant,</strong></span> <span class='ocrx_word' id='word_1_561' title='bbox 1170 2749 1237 2780; x_wconf 87' lang='lat' dir='ltr'><strong>qua</strong></span> <span class='ocrx_word' id='word_1_562' title='bbox 1269 2741 1350 2783; x_wconf 87' lang='lat' dir='ltr'><strong>Iege</strong></span> <span class='ocrx_word' id='word_1_563' title='bbox 1381 2740 1438 2772; x_wconf 92' lang='lat' dir='ltr'><strong>uni</strong></span> <span class='ocrx_word' id='word_1_564' title='bbox 1470 2740 1611 2771; x_wconf 80' lang='lat' dir='ltr'><strong>divitias</strong></span> <span class='ocrx_word' id='word_1_565' title='bbox 1637 2741 1674 2770; x_wconf 84' lang='lat' dir='ltr'><strong>et</strong></span> <span class='ocrx_word' id='word_1_566' title='bbox 1699 2739 1976 2779; x_wconf 85' lang='lat' dir='ltr'><strong>amplitudinem,</strong></span> <span class='ocrx_word' id='word_1_567' title='bbox 2010 2740 2150 2779; x_wconf 87' lang='lat' dir='ltr'><strong>reliquis</strong></span> <span class='ocrx_word' id='word_1_568' title='bbox 2173 2738 2328 2770; x_wconf 84' lang='lat' dir='ltr'><strong>omnibus</strong></span> <span class='ocrx_word' id='word_1_569' title='bbox 2354 2742 2484 2773; x_wconf 85' lang='lat' dir='ltr'><strong>medio-</strong></span> 
     </span>
     <span class='ocr_line' id='line_1_40' title="bbox 218 2796 1514 2841; baseline 0.002 -16"><span class='ocrx_word' id='word_1_570' title='bbox 218 2796 375 2827; x_wconf 84' lang='lat' dir='ltr'><strong>critatem</strong></span> <span class='ocrx_word' id='word_1_571' title='bbox 401 2798 456 2828; x_wconf 76' lang='lat' dir='ltr'><strong>vel</strong></span> <span class='ocrx_word' id='word_1_572' title='bbox 481 2799 681 2829; x_wconf 82' lang='lat' dir='ltr'><strong>tenuitatem</strong></span> <span class='ocrx_word' id='word_1_573' title='bbox 706 2800 882 2841; x_wconf 66' lang='lat' dir='ltr'><strong>IegaMnt,</strong></span> <span class='ocrx_word' id='word_1_574' title='bbox 909 2799 998 2829; x_wconf 86' lang='lat' dir='ltr'><strong>haud</strong></span> <span class='ocrx_word' id='word_1_575' title='bbox 1023 2799 1097 2829; x_wconf 84' lang='lat' dir='ltr'><strong>scio</strong></span> <span class='ocrx_word' id='word_1_576' title='bbox 1125 2800 1221 2830; x_wconf 91' lang='lat' dir='ltr'><strong>usine</strong></span> <span class='ocrx_word' id='word_1_577' title='bbox 1244 2800 1313 2830; x_wconf 87' lang='lat' dir='ltr'><strong>sint</strong></span> <span class='ocrx_word' id='word_1_578' title='bbox 1336 2808 1379 2830; x_wconf 92' lang='lat' dir='ltr'><strong>an</strong></span> <span class='ocrx_word' id='word_1_579' title='bbox 1405 2799 1514 2829; x_wconf 84' lang='lat' dir='ltr'><strong>abusi.</strong></span> 
     </span>
    </p>
   </div>
   <div class='ocr_carea' id='block_1_6' title="bbox 146 2858 2484 3284">
    <p class='ocr_par' dir='ltr' id='par_1_6' title="bbox 152 2858 2481 2915">
     <span class='ocr_line' id='line_1_41' title="bbox 152 2858 2481 2915; baseline 0.002 -20"><span class='ocrx_word' id='word_1_580' title='bbox 152 2863 204 2904; x_wconf 78' lang='lat'><strong>²⁴)</strong></span> <span class='ocrx_word' id='word_1_581' title='bbox 216 2867 352 2898; x_wconf 88' lang='lat' dir='ltr'><strong>Heracl.</strong></span> <span class='ocrx_word' id='word_1_582' title='bbox 375 2867 473 2897; x_wconf 85' lang='lat' dir='ltr'><strong>Pont.</strong></span> <span class='ocrx_word' id='word_1_583' title='bbox 497 2867 529 2896; x_wconf 81' lang='lat'><strong>2.</strong></span> <span class='ocrx_word' id='word_1_584' title='bbox 555 2863 682 2899; x_wconf 74' lang='grc' dir='ltr'><strong><em>πωλεῖν</em></strong></span> <span class='ocrx_word' id='word_1_585' title='bbox 706 2863 743 2899; x_wconf 80' lang='grc' dir='ltr'><strong>δὲ</strong></span> <span class='ocrx_word' id='word_1_586' title='bbox 768 2869 832 2910; x_wconf 79' lang='grc' dir='ltr'><strong><em>γῆν</em></strong></span> <span class='ocrx_word' id='word_1_587' title='bbox 857 2863 1155 2910; x_wconf 82' lang='grc' dir='ltr'><strong><em>Λακεδαιμονίοις</em></strong></span> <span class='ocrx_word' id='word_1_588' title='bbox 1174 2863 1325 2915; x_wconf 71' lang='grc' dir='ltr'><strong><em>αἰσχρὸν</em></strong></span> <span class='ocrx_word' id='word_1_589' title='bbox 1342 2862 1554 2910; x_wconf 81' lang='grc' dir='ltr'><strong><em>νενόμισται,</em></strong></span> <span class='ocrx_word' id='word_1_590' title='bbox 1574 2867 1633 2903; x_wconf 75' lang='grc' dir='ltr'><strong><em>τῆς</em></strong></span> <span class='ocrx_word' id='word_1_591' title='bbox 1650 2858 1807 2911; x_wconf 75' lang='grc' dir='ltr'><strong><em>ἀρχαίας</em></strong></span> <span class='ocrx_word' id='word_1_592' title='bbox 1827 2864 1951 2911; x_wconf 69' lang='grc' dir='ltr'><strong><em>μοίρας</em></strong></span> <span class='ocrx_word' id='word_1_593' title='bbox 1972 2860 2213 2908; x_wconf 64' lang='grc' dir='ltr'><strong><em>ἀναιιέμεσὲαι</em></strong></span> <span class='ocrx_word' id='word_1_594' title='bbox 2232 2861 2338 2898; x_wconf 68' lang='grc' dir='ltr'><strong><em>οὖδὲι·</em></strong></span> <span class='ocrx_word' id='word_1_595' title='bbox 2363 2864 2481 2910; x_wconf 63' lang='grc' dir='ltr'><strong>ἔξεστι.</strong></span> 
     </span>
    </p>

    <p class='ocr_par' dir='ltr' id='par_1_7' title="bbox 151 2932 2484 3152">
     <span class='ocr_line' id='line_1_42' title="bbox 151 2932 2483 2978; baseline 0.002 -14"><span class='ocrx_word' id='word_1_596' title='bbox 151 2934 204 2973; x_wconf 73' lang='lat'><strong>²⁶)</strong></span> <span class='ocrx_word' id='word_1_597' title='bbox 221 2937 386 2966; x_wconf 87' lang='lat' dir='ltr'><strong>Subtiiius</strong></span> <span class='ocrx_word' id='word_1_598' title='bbox 411 2947 453 2968; x_wconf 87' lang='lat' dir='ltr'><strong>ea</strong></span> <span class='ocrx_word' id='word_1_599' title='bbox 477 2939 522 2967; x_wconf 86' lang='lat' dir='ltr'><strong>de</strong></span> <span class='ocrx_word' id='word_1_600' title='bbox 552 2948 588 2968; x_wconf 88' lang='lat' dir='ltr'><strong>re</strong></span> <span class='ocrx_word' id='word_1_601' title='bbox 606 2940 882 2978; x_wconf 82' lang='lat' dir='ltr'><strong>disputaverunt,</strong></span> <span class='ocrx_word' id='word_1_602' title='bbox 911 2943 949 2968; x_wconf 85' lang='lat' dir='ltr'><strong>ut</strong></span> <span class='ocrx_word' id='word_1_603' title='bbox 973 2941 1114 2969; x_wconf 80' lang='lat' dir='ltr'><strong>veteres</strong></span> <span class='ocrx_word' id='word_1_604' title='bbox 1139 2940 1423 2977; x_wconf 69' lang='lat' dir='ltr'><strong>praetermittam,</strong></span> <span class='ocrx_word' id='word_1_605' title='bbox 1449 2932 1675 2974; x_wconf 63' lang='lat' dir='ltr'><strong>nannetemy</strong></span> <span class='ocrx_word' id='word_1_606' title='bbox 1702 2937 1855 2977; x_wconf 77' lang='lat' dir='ltr'><strong>Voyage</strong></span> <span class='ocrx_word' id='word_1_607' title='bbox 1881 2937 1929 2966; x_wconf 86' lang='lat' dir='ltr'><strong>du</strong></span> <span class='ocrx_word' id='word_1_608' title='bbox 1948 2936 2056 2973; x_wconf 82' lang='lat' dir='ltr'><strong>jeune</strong></span> <span class='ocrx_word' id='word_1_609' title='bbox 2068 2939 2276 2968; x_wconf 78' lang='lat' dir='ltr'><strong>Anacharsis</strong></span> <span class='ocrx_word' id='word_1_610' title='bbox 2302 2940 2399 2976; x_wconf 87' lang='lat' dir='ltr'><strong>chap.</strong></span> <span class='ocrx_word' id='word_1_611' title='bbox 2425 2942 2483 2972; x_wconf 55' lang='grc' dir='ltr'><strong>(Μ.</strong></span> 
     </span>
     <span class='ocr_line' id='line_1_43' title="bbox 214 2980 2482 3035; baseline 0.003 -12"><span class='ocrx_word' id='word_1_612' title='bbox 214 2993 337 3024; x_wconf 81' lang='lat' dir='ltr'><strong>Mauso</strong></span> <span class='ocrx_word' id='word_1_613' title='bbox 355 2997 480 3033; x_wconf 77' lang='lat' dir='ltr'><strong>Sparta</strong></span> <span class='ocrx_word' id='word_1_614' title='bbox 502 2997 541 3027; x_wconf 86' lang='grc' dir='ltr'><strong>Τ.</strong></span> <span class='ocrx_word' id='word_1_615' title='bbox 567 2997 593 3026; x_wconf 94' lang='lat' dir='ltr'><strong>I.</strong></span> <span class='ocrx_word' id='word_1_616' title='bbox 619 2997 655 3027; x_wconf 87' lang='lat' dir='ltr'><strong>P.</strong></span> <span class='ocrx_word' id='word_1_617' title='bbox 686 2995 717 3027; x_wconf 85' lang='lat'><strong>1.</strong></span> <span class='ocrx_word' id='word_1_618' title='bbox 745 3006 775 3034; x_wconf 93' lang='lat' dir='ltr'><strong>p.</strong></span> <span class='ocrx_word' id='word_1_619' title='bbox 805 2980 895 3028; x_wconf 51' lang='lat'><strong>1215</strong></span> <span class='ocrx_word' id='word_1_620' title='bbox 910 2994 1040 3027; x_wconf 73' lang='lat' dir='ltr'><strong>Mulier</strong></span> <span class='ocrx_word' id='word_1_621' title='bbox 1068 2996 1191 3027; x_wconf 87' lang='lat' dir='ltr'><strong>Dorier</strong></span> <span class='ocrx_word' id='word_1_622' title='bbox 1214 2997 1253 3028; x_wconf 83' lang='grc' dir='ltr'><strong>Τ.</strong></span> <span class='ocrx_word' id='word_1_623' title='bbox 1276 2997 1320 3027; x_wconf 91' lang='lat' dir='ltr'><strong>II.</strong></span> <span class='ocrx_word' id='word_1_624' title='bbox 1346 3006 1376 3035; x_wconf 88' lang='lat' dir='ltr'><strong>p.</strong></span> <span class='ocrx_word' id='word_1_625' title='bbox 1404 2994 1483 3028; x_wconf 82' lang='lat'><strong>193.</strong></span> <span class='ocrx_word' id='word_1_626' title='bbox 1535 2994 1675 3026; x_wconf 81' lang='lat' dir='ltr'><strong>Kortiim</strong></span> <span class='ocrx_word' id='word_1_627' title='bbox 1702 2994 1794 3033; x_wconf 78' lang='lat' dir='ltr'><strong>apud</strong></span> <span class='ocrx_word' id='word_1_628' title='bbox 1818 2994 2055 3026; x_wconf 79' lang='lat' dir='ltr'><strong>Sclilosserum</strong></span> <span class='ocrx_word' id='word_1_629' title='bbox 2082 2995 2104 3025; x_wconf 94' lang='grc' dir='ltr'><strong>Ι.</strong></span> <span class='ocrx_word' id='word_1_630' title='bbox 2133 3005 2161 3027; x_wconf 83' lang='lat' dir='ltr'><strong>c.</strong></span> <span class='ocrx_word' id='word_1_631' title='bbox 2188 3005 2220 3034; x_wconf 88' lang='lat' dir='ltr'><strong>p.</strong></span> <span class='ocrx_word' id='word_1_632' title='bbox 2250 2994 2327 3026; x_wconf 81' lang='lat'><strong>162.</strong></span> <span class='ocrx_word' id='word_1_633' title='bbox 2366 2997 2482 3030; x_wconf 74' lang='lat' dir='ltr'><strong>Lach-</strong></span> 
     </span>
     <span class='ocr_line' id='line_1_44' title="bbox 214 3048 2484 3095; baseline 0 -13"><span class='ocrx_word' id='word_1_634' title='bbox 214 3060 316 3084; x_wconf 89' lang='lat' dir='ltr'><strong>mann</strong></span> <span class='ocrx_word' id='word_1_635' title='bbox 343 3053 503 3092; x_wconf 86' lang='lat' dir='ltr'><strong>Spartan.</strong></span> <span class='ocrx_word' id='word_1_636' title='bbox 530 3053 864 3094; x_wconf 78' lang='lat' dir='ltr'><strong>Staatsverfassung</strong></span> <span class='ocrx_word' id='word_1_637' title='bbox 889 3063 921 3093; x_wconf 92' lang='lat' dir='ltr'><strong>p.</strong></span> <span class='ocrx_word' id='word_1_638' title='bbox 950 3052 1026 3087; x_wconf 82' lang='lat'><strong>172.</strong></span> <span class='ocrx_word' id='word_1_639' title='bbox 1054 3053 1267 3087; x_wconf 81' lang='lat' dir='ltr'><strong>Schoemann</strong></span> <span class='ocrx_word' id='word_1_640' title='bbox 1289 3053 1433 3093; x_wconf 83' lang='lat' dir='ltr'><strong>Antiqu.</strong></span> <span class='ocrx_word' id='word_1_641' title='bbox 1458 3052 1522 3085; x_wconf 92' lang='lat' dir='ltr'><strong>iur.</strong></span> <span class='ocrx_word' id='word_1_642' title='bbox 1552 3052 1645 3093; x_wconf 82' lang='lat' dir='ltr'><strong>pubi.</strong></span> <span class='ocrx_word' id='word_1_643' title='bbox 1673 3060 1707 3092; x_wconf 85' lang='lat' dir='ltr'><strong>p.</strong></span> <span class='ocrx_word' id='word_1_644' title='bbox 1737 3048 1817 3084; x_wconf 71' lang='lat'><strong>117.</strong></span> <span class='ocrx_word' id='word_1_645' title='bbox 1844 3054 1881 3084; x_wconf 89' lang='lat' dir='ltr'><strong>et</strong></span> <span class='ocrx_word' id='word_1_646' title='bbox 1906 3051 1963 3092; x_wconf 89' lang='lat' dir='ltr'><strong>qui</strong></span> <span class='ocrx_word' id='word_1_647' title='bbox 1987 3050 2143 3083; x_wconf 87' lang='lat' dir='ltr'><strong>omnibus</strong></span> <span class='ocrx_word' id='word_1_648' title='bbox 2170 3052 2317 3092; x_wconf 86' lang='lat' dir='ltr'><strong>palmam</strong></span> <span class='ocrx_word' id='word_1_649' title='bbox 2343 3055 2484 3095; x_wconf 80' lang='lat' dir='ltr'><strong>praeri-</strong></span> 
     </span>
     <span class='ocr_line' id='line_1_45' title="bbox 216 3108 1049 3152; baseline 0.005 -12"><span class='ocrx_word' id='word_1_650' title='bbox 216 3109 289 3149; x_wconf 83' lang='lat' dir='ltr'><strong>puit</strong></span> <span class='ocrx_word' id='word_1_651' title='bbox 312 3108 351 3144; x_wconf 90' lang='lat' dir='ltr'><strong>C.</strong></span> <span class='ocrx_word' id='word_1_652' title='bbox 377 3110 417 3143; x_wconf 75' lang='lat' dir='ltr'><strong>F.</strong></span> <span class='ocrx_word' id='word_1_653' title='bbox 441 3111 613 3144; x_wconf 82' lang='lat' dir='ltr'><strong>Hermann</strong></span> <span class='ocrx_word' id='word_1_654' title='bbox 639 3111 822 3152; x_wconf 85' lang='lat' dir='ltr'><strong>Antiquitt.</strong></span> <span class='ocrx_word' id='word_1_655' title='bbox 848 3111 1049 3144; x_wconf 80' lang='lat' dir='ltr'><strong>Laconicae.</strong></span> 
     </span>
    </p>

    <p class='ocr_par' dir='ltr' id='par_1_8' title="bbox 146 3170 2482 3284">
     <span class='ocr_line' id='line_1_46' title="bbox 146 3170 2482 3227; baseline 0.002 -18"><span class='ocrx_word' id='word_1_656' title='bbox 146 3176 301 3220; x_wconf 80' lang='lat' dir='ltr'><strong>²⁶)P1ut.</strong></span> <span class='ocrx_word' id='word_1_657' title='bbox 328 3179 485 3222; x_wconf 75' lang='lat' dir='ltr'><strong>Lycurg.</strong></span> <span class='ocrx_word' id='word_1_658' title='bbox 511 3181 568 3217; x_wconf 81' lang='lat' dir='ltr'><strong>to.</strong></span> <span class='ocrx_word' id='word_1_659' title='bbox 593 3175 636 3213; x_wconf 80' lang='grc' dir='ltr'><strong>τό</strong></span> <span class='ocrx_word' id='word_1_660' title='bbox 659 3177 697 3213; x_wconf 78' lang='grc' dir='ltr'><strong>δὲ</strong></span> <span class='ocrx_word' id='word_1_661' title='bbox 721 3178 889 3225; x_wconf 60' lang='grc' dir='ltr'><strong><em>γεννηθὲν</em></strong></span> <span class='ocrx_word' id='word_1_662' title='bbox 913 3175 978 3213; x_wconf 72' lang='grc' dir='ltr'><strong>οὐκ</strong></span> <span class='ocrx_word' id='word_1_663' title='bbox 1012 3170 1057 3219; x_wconf 73' lang='grc' dir='ltr'><strong><em>ἦν</em></strong></span> <span class='ocrx_word' id='word_1_664' title='bbox 1080 3175 1199 3227; x_wconf 73' lang='grc' dir='ltr'><strong><em>κύριος</em></strong></span> <span class='ocrx_word' id='word_1_665' title='bbox 1225 3175 1246 3213; x_wconf 92' lang='grc' dir='ltr'>ὀ</span> <span class='ocrx_word' id='word_1_666' title='bbox 1277 3175 1443 3224; x_wconf 71' lang='grc' dir='ltr'><strong><em>γεννήσας</em></strong></span> <span class='ocrx_word' id='word_1_667' title='bbox 1472 3178 1630 3225; x_wconf 75' lang='grc' dir='ltr'><strong><em>τρέφειν,</em></strong></span> <span class='ocrx_word' id='word_1_668' title='bbox 1667 3174 1743 3211; x_wconf 80' lang='grc' dir='ltr'><strong>ἀλλ’</strong></span> <span class='ocrx_word' id='word_1_669' title='bbox 1773 3176 1870 3226; x_wconf 75' lang='grc' dir='ltr'><strong><em>ἔφερε</em></strong></span> <span class='ocrx_word' id='word_1_670' title='bbox 1894 3174 2012 3219; x_wconf 70' lang='grc' dir='ltr'><strong><em>λαβών</em></strong></span> <span class='ocrx_word' id='word_1_671' title='bbox 2036 3178 2081 3218; x_wconf 81' lang='grc' dir='ltr'><strong><em>εἰς</em></strong></span> <span class='ocrx_word' id='word_1_672' title='bbox 2104 3175 2216 3212; x_wconf 78' lang='grc' dir='ltr'><strong><em>τόπον</em></strong></span> <span class='ocrx_word' id='word_1_673' title='bbox 2241 3176 2323 3213; x_wconf 78' lang='grc' dir='ltr'><strong><em>τινά</em></strong></span> <span class='ocrx_word' id='word_1_674' title='bbox 2349 3177 2482 3226; x_wconf 54' lang='lat' dir='ltr'><strong>Hazza&gt;</strong></span> 
     </span>
     <span class='ocr_line' id='line_1_47' title="bbox 209 3229 2482 3284; baseline 0.002 -17"><span class='ocrx_word' id='word_1_675' title='bbox 209 3231 443 3280; x_wconf 78' lang='grc' dir='ltr'><strong><em>καλούμενον,</em></strong></span> <span class='ocrx_word' id='word_1_676' title='bbox 469 3235 506 3270; x_wconf 84' lang='grc' dir='ltr'><strong><em>ἐν</em></strong></span> <span class='ocrx_word' id='word_1_677' title='bbox 530 3229 559 3283; x_wconf 69' lang='grc' dir='ltr'>ᾧ</span> <span class='ocrx_word' id='word_1_678' title='bbox 584 3233 782 3282; x_wconf 61' lang='grc' dir='ltr'><strong><em>καθήμενοι</em></strong></span> <span class='ocrx_word' id='word_1_679' title='bbox 805 3240 875 3271; x_wconf 77' lang='grc' dir='ltr'><strong><em>τῶν</em></strong></span> <span class='ocrx_word' id='word_1_680' title='bbox 899 3233 1062 3282; x_wconf 76' lang='grc' dir='ltr'><strong><em>φυλετῶν</em></strong></span> <span class='ocrx_word' id='word_1_681' title='bbox 1090 3235 1126 3270; x_wconf 72' lang='grc' dir='ltr'><strong>οἱ</strong></span> <span class='ocrx_word' id='word_1_682' title='bbox 1149 3232 1379 3284; x_wconf 76' lang='grc' dir='ltr'><strong><em>πρεσβύτατοι</em></strong></span> <span class='ocrx_word' id='word_1_683' title='bbox 1401 3232 1674 3281; x_wconf 64' lang='grc' dir='ltr'><strong><em>καταμαθόντες</em></strong></span> <span class='ocrx_word' id='word_1_684' title='bbox 1699 3232 1741 3271; x_wconf 84' lang='grc' dir='ltr'><strong>τό</strong></span> <span class='ocrx_word' id='word_1_685' title='bbox 1765 3231 2006 3283; x_wconf 76' lang='grc' dir='ltr'><strong><em>παιδάριον...</em></strong></span> <span class='ocrx_word' id='word_1_686' title='bbox 2031 3236 2169 3284; x_wconf 73' lang='grc' dir='ltr'><strong><em>τρέφειν</em></strong></span> <span class='ocrx_word' id='word_1_687' title='bbox 2194 3234 2366 3281; x_wconf 78' lang='grc' dir='ltr'><strong><em>ἐκέλευον,</em></strong></span> <span class='ocrx_word' id='word_1_688' title='bbox 2393 3235 2482 3280; x_wconf 58' lang='grc' dir='ltr'><strong>κλῇ-</strong></span> 
     </span>
    </p>
   </div>
   <div class='ocr_carea' id='block_1_7' title="bbox 208 3287 2202 3374">
    <p class='ocr_par' dir='ltr' id='par_1_9' title="bbox 208 3287 2202 3374">
     <span class='ocr_line' id='line_1_48' title="bbox 208 3287 1069 3344; baseline 0.002 -19"><span class='ocrx_word' id='word_1_689' title='bbox 208 3303 270 3342; x_wconf 72' lang='grc' dir='ltr'><strong><em>ρον</em></strong></span> <span class='ocrx_word' id='word_1_690' title='bbox 292 3287 391 3339; x_wconf 74' lang='grc' dir='ltr'><strong><em>αὐτῷ</em></strong></span> <span class='ocrx_word' id='word_1_691' title='bbox 414 3296 484 3328; x_wconf 78' lang='grc' dir='ltr'><strong><em>τῶν</em></strong></span> <span class='ocrx_word' id='word_1_692' title='bbox 510 3292 771 3341; x_wconf 77' lang='grc' dir='ltr'><strong><em>ἐννακιςχι).ίων</em></strong></span> <span class='ocrx_word' id='word_1_693' title='bbox 795 3294 1069 3344; x_wconf 72' lang='grc' dir='ltr'><strong><em>προςνείμαντες.</em></strong></span> 
     </span>
     <span class='ocr_line' id='line_1_49' title="bbox 2187 3353 2202 3374; baseline 0 0"><span class='ocrx_word' id='word_1_694' title='bbox 2187 3353 2202 3374; x_wconf 83' lang='grc'>3</span> 
     </span>
    </p>
   </div>
  </div>
 </body>
</html>
