2684 3832
1298 201 1326 242 8

122 365 245 409 maris
264 363 437 419 imperio
452 363 566 417 potiti
595 366 717 411 erant,
747 361 796 402 ab
827 361 990 417 antiqua
1017 361 1084 403 illa
1113 361 1171 402 rei
1196 361 1378 416 publicae
1405 362 1637 415 integritate
1663 362 1874 417 paullatim
1909 364 2232 421 desciverunt‘ffl)
2262 372 2299 408 et
2326 379 2350 407 a
2367 373 2498 410 vetere

121 443 281 474 morum
310 430 518 473 severitate
547 428 855 482 degenerarunt.
912 429 975 471 Ex
1002 430 1074 470 illa
1101 430 1205 470 enim
1237 435 1362 470 aetate
1388 429 1560 483 partium
1589 430 1736 470 studiis
1766 433 1821 470 ita
1849 431 2118 484 agitabantur,
2147 439 2189 474 ut
2203 445 2322 474 verae
2343 435 2496 487 patriae

119 496 306 540 utilitatis
332 497 585 537 immemores
611 508 684 536 nec
711 496 790 537 sibi
819 497 921 551 ipsis
948 509 1020 538 nec
1049 497 1205 551 priscae
1242 498 1299 537 rei
1333 496 1515 550 publicae
1543 496 1810 549 descriptioni
1839 504 2082 539 constarent.
2149 499 2253 540 Nam
2291 513 2369 554 quo
2410 500 2496 542 iure

120 564 150 605 ii
178 565 292 606 unice
319 561 492 617 patriam
522 575 658 603 amare
686 562 889 615 dicuntur,
918 565 986 618 qui
1014 563 1055 603 in
1082 564 1160 605 duo
1189 562 1354 603 hostilia
1384 569 1517 603 castra
1548 562 1726 603 distracti
1763 576 1843 603 non
1871 563 2026 617 quidem
2057 578 2169 606 arma
2203 566 2280 606 sibi
2307 567 2496 618 inserunt,

123 643 292 684 quorum
318 636 453 672 tamen
478 630 546 671 alii
575 628 676 671 nihil
707 630 847 671 volunt
875 629 955 671 nisi
983 630 1109 671 otium
1139 643 1228 671 cum
1258 628 1465 683 dignitate,
1496 641 1712 682 pacemque
1735 629 2034 685 quibuscunque
2052 631 2166 673 bellis
2197 632 2494 685 praeferendum

121 709 212 738 esse
240 703 417 749 censent,
446 697 513 738 alii
544 702 685 738 contra
712 709 905 737 novarum
937 709 1071 737 rerum
1097 695 1233 749 cupidi
1262 709 1408 736 novam
1437 709 1594 748 semper
1619 695 1794 736 bellandi
1822 697 2024 738 materiam
2054 693 2249 753 arripiunt
2267 707 2304 740 et
2319 699 2497 740 subiecta

120 762 294 804 Graecia
335 777 415 804 non
454 763 633 804 contenti
674 763 865 804 avaritiae
907 769 943 804 et
976 762 1208 803 ambitionis
1245 762 1463 814 explendae
1501 774 1623 803 causa
1660 761 1766 802 bella
1802 762 1909 803 ultra
1947 764 2100 817 patriae
2137 764 2234 805 fines
2271 777 2495 818 propagare

121 828 387 882 student221)

285 894 361 934 Sed
391 895 457 935 vel
486 901 576 935 ante
604 895 704 935 hanc
732 895 1046 948 qualemcunque
1065 905 1193 934 rerum
1215 893 1518 933 conversionem
1541 905 1770 946 morumque
1790 893 2130 948 depravationem,
2160 907 2232 948 qua
2255 894 2493 935 recentiores

118 959 305 1013 Spartani
345 959 396 999 ad
436 961 611 1014 aliquam
650 972 738 1000 cum
778 959 946 1013 reliquis
983 959 1150 999 Graecis
1187 958 1493 998 similitudinem
1540 959 1780 1012 degenerare
1821 967 2061 1013 coeperunt,
2109 960 2357 1002 nobilissima
2404 960 2491 1013 lege

116 1026 317 1080 Epitadei,
353 1027 403 1066 de
443 1041 518 1081 qua
557 1026 664 1067 infra
700 1026 1020 1079 disputabimus,
1064 1025 1239 1066 nondum
1275 1025 1378 1076 lata,
1419 1031 1523 1065 recte
1562 1026 1784 1079 quaeritur,
1828 1027 2027 1079 quomodo
2056 1028 2260 1080 Lycurgus
2289 1026 2490 1078 aequalem

116 1106 229 1134 suam
258 1093 363 1134 inter
390 1107 528 1134 omnes
558 1092 881 1133 distributionem
911 1093 960 1133 ab
992 1106 1037 1133 ea
1069 1092 1304 1133 confusione
1332 1092 1456 1132 tuitus
1485 1091 1552 1142 sit,
1582 1104 1683 1146 quae
1713 1093 1946 1135 vacuefacto
1985 1095 2121 1148 aliquo
2159 1093 2418 1147 patrimonio,
2456 1093 2491 1133 si

116 1159 202 1212 quis
227 1159 518 1210 paterfamilias
548 1164 616 1198 aut
643 1159 767 1198 nullis
796 1158 933 1198 liberis
963 1165 1028 1198 aut
1059 1158 1219 1197 seminis
1249 1164 1402 1197 tantum
1434 1157 1583 1197 relictis
1610 1157 1868 1209 decessisset,
1907 1161 2041 1200 omnia
2071 1173 2172 1213 quae
2200 1160 2491 1212 sapientissime

114 1223 165 1264 ab
194 1237 241 1264 eo
272 1224 431 1265 inventa
460 1233 590 1266 essent
620 1225 802 1266 funditus
832 1231 1037 1265 everteret.
1055 1222 1121 1277 22)
1181 1223 1292 1271 Quae
1338 1223 1440 1264 enim
1471 1223 1599 1278 vulgo
1639 1231 1676 1265 et
1713 1237 1738 1264 a
1766 1224 1953 1278 plurimis
1994 1226 2216 1279 excogitata
2252 1233 2343 1267 sunt
2375 1226 2488 1266 huius

112 1290 175 1330 rei
210 1292 408 1342 remedia,
454 1298 493 1331 ut
529 1290 616 1343 agri
655 1290 960 1343 possessoribus
1000 1291 1117 1330 vacui
1156 1296 1225 1330 aut
1266 1289 1314 1329 ab
1354 1289 1451 1341 ipsis
1488 1289 1764 1343 reipublicae
1792 1290 2053 1344 principibus,
2086 1291 2206 1331 veluti
2233 1290 2410 1345 regibuS,
2439 1291 2488 1332 iis

114 1356 321 1407 darentur,
351 1357 418 1411 qui
448 1370 565 1409 quum
598 1362 694 1396 natu
724 1356 897 1396 minores
928 1362 1059 1395 essent
1103 1356 1209 1408 agris
1236 1358 1438 1406 carerent,
1478 1363 1548 1396 aut
1586 1363 1630 1396 ut
1659 1355 1740 1409 ipsi
1769 1368 1956 1407 agrorum
1987 1370 2266 1409 possessores,
2302 1357 2338 1398 si
2382 1357 2487 1397 filios

109 1434 194 1463 non
232 1422 420 1463 haberent
462 1422 526 1477 qui
569 1436 643 1462 suo
681 1421 770 1463 iure
811 1421 911 1474 ipsis
950 1420 1227 1470 succederent,
1268 1421 1436 1462 heredes
1475 1435 1557 1462 non
1594 1422 1811 1462 scriberent
1847 1421 1927 1461 nisi
1971 1422 2036 1474 qui
2077 1422 2119 1462 in
2151 1424 2302 1464 nullam
2333 1423 2488 1464 suturae

109 1488 346 1529 hereditatis
375 1501 484 1541 spem
515 1487 669 1527 educati
700 1492 857 1538 essent,
900 1493 969 1527 aut
1007 1494 1050 1527 ut
1078 1487 1181 1527 filias
1220 1488 1281 1527 his
1311 1488 1421 1540 agris
1453 1488 1608 1527 dotatas
1637 1488 1883 1528 collocarent
1922 1488 2042 1539 viris,
2083 1489 2227 1542 quibus
2263 1490 2362 1529 nulli
2400 1491 2487 1542 agri

112 1554 391 1607 contigissent,
421 1567 466 1594 ea
496 1566 637 1594 vereor
665 1566 715 1593 ne
743 1554 792 1593 ad
822 1554 1134 1607 qualemcunque
1170 1560 1330 1593 nostrae
1369 1554 1507 1593 aetatis
1547 1553 1808 1593 imitationem
1846 1553 2027 1593 callidius
2064 1554 2224 1594 inventa
2260 1556 2484 1595 videantur:

111 1631 205 1659 nam
262 1632 284 1659 a
340 1619 457 1671 puris
513 1619 767 1672 limpidisque
823 1619 1002 1659 sontibus
1056 1632 1101 1658 ea
1158 1619 1334 1659 derivata
1384 1632 1475 1659 esse
1525 1619 1592 1658 vix
1639 1619 1844 1672 quisquam
1910 1619 2065 1660 dixerit.
2093 1618 2160 1673 ¹²³)
2240 1619 2485 1674 Quamquam

149 1796 199 1834 ²⁰)
224 1798 390 1829 Veterem
422 1800 477 1830 rei
511 1799 670 1838 publicae
703 1799 847 1830 sormam
882 1798 1183 1841 septingentorum
1226 1808 1396 1831 annorum
1431 1801 1544 1842 spatio
1578 1801 1680 1831 nullis
1726 1809 1838 1839 neque
1873 1800 2042 1839 periculis
2084 1808 2195 1839 neque
2230 1801 2483 1834 calmnitatibus

229 1862 433 1887 consussam
458 1865 536 1888 esse
563 1853 669 1890 Isocr.
703 1856 745 1888 de
770 1856 863 1889 Pace
889 1859 923 1897 §-
949 1857 994 1888 95
1026 1857 1222 1889 confirmat:
1245 1850 1310 1896 τήν
1334 1850 1402 1905 γάρ
1428 1851 1605 1890 πολιτείαν
1629 1851 1674 1896 ἣν
1700 1854 1735 1890 ἐν
1754 1854 1974 1897 ἑπτακοσίοις
2009 1850 2118 1890 ἔτεσιν
2142 1851 2258 1897 οὐδεὶς
2282 1850 2377 1891 οἶδεν
2400 1852 2483 1893 οὗθ’

226 1906 300 1944 ὑπὸ
325 1908 501 1946 κινδύνων
526 1908 609 1947 οὗθ’
633 1908 705 1946 ὑπὸ
726 1916 922 1960 συμφορῶν
947 1913 1168 1956 κινηθεῖσαν,
1196 1910 1331 1954 ταύτην
1363 1914 1398 1948 ἐν
1431 1910 1538 1959 ὀλίγῳ
1567 1909 1687 1962 χρόνῳ
1723 1911 1896 1948 σαλεῦσαι
1938 1916 2001 1948 καὶ
2037 1911 2197 1954 λυθῆναι
2229 1910 2326 1961 παρά
2360 1912 2483 1964 μικρὸν

228 1966 406 2013 ἐποίησεν,
454 1970 512 2010 qui
544 1979 722 2003 numerum
758 1974 954 2005 summatim
997 1975 1291 2014 comprehendens
1329 1982 1440 2005 annos
1475 1975 1518 2006 ab
1547 1974 1807 2006 Heraclidarum
1833 1974 1944 2005 reditu
1971 1974 2014 2004 ad
2038 1982 2188 2014 pugnam
2214 1984 2301 2012 quae
2326 1976 2485 2006 Leuctris

228 2029 354 2059 accidit
378 2033 545 2061 numerat.
605 2030 754 2062 clinton.
780 2032 878 2063 Fast.
905 2031 997 2065 Hell.
1026 2032 1066 2062 T.
1097 2030 1139 2063 11.
1165 2041 1196 2071 p.
1223 2032 1267 2063 V.
1318 2032 1375 2063 Sic
1416 2041 1482 2063 non
1522 2031 1729 2063 adversatur
1766 2030 2156 2073 Thucydidesl,18‚
2197 2031 2252 2070 qui
2288 2034 2484 2072 contempta

228 2088 377 2118 oratoria
415 2087 578 2120 Isocratis
617 2089 916 2129 magniloquentia
949 2083 972 2127 ἡ
1007 2084 1074 2136 γάρ
1105 2084 1358 2130 Λακεδαιμων,
1395 2089 1517 2130 inquit,
1550 2082 1638 2131 μετοὶ
1667 2098 1731 2127 την
1763 2086 1874 2121 κτίσιν
1906 2091 1976 2121 τῶν
2010 2091 2077 2121 νῦν
2107 2083 2338 2121 ἐνοικουντων
2367 2083 2482 2129 αι’την

223 2141 396 2190 Δωριέων
422 2143 476 2177 ἐπι
500 2141 662 2178 πὶεῒστον
686 2143 735 2178 ὠν
761 2144 857 2190 ἴσμεν
888 2141 1021 2192 χρόνον
1040 2142 1288 2189 στασιάσασα,
1328 2140 1421 2190 ὅμως
1451 2144 1486 2178 ἐκ
1510 2141 1738 2178 παὶαιτάτου
1763 2146 1826 2178 καὶ
1849 2141 2036 2190 ευνομήὲη
2061 2158 2124 2178 και
2146 2141 2201 2178 αἐι
2225 2141 2482 2192 ᾰτυράννευτος

225 2200 278 2242 ἡν·
306 2199 366 2242 ε”τη
392 2197 459 2252 γάρ
491 2201 560 2236 ἐστι
585 2198 741 2248 μάλιστα
764 2199 975 2252 τετρακόσια
1001 2216 1066 2237 και
1090 2198 1195 2249 ὀλίγω
1221 2199 1325 2237 πλείω
1352 2202 1384 2244 ἐς
1407 2198 1471 2243 τήν
1495 2198 1657 2243 τελευτην
1684 2200 1791 2238 τουδε
1826 2207 1894 2238 τοῦ
1926 2199 2098 2249 πολέμου,
2133 2199 2196 2248 ἀφ’
2229 2201 2274 2238 οὐ
2300 2199 2481 2238 Λακεδαι-

223 2256 341 2305 μόνιοι
380 2263 423 2308 τῆ
458 2257 551 2308 αυτ-οῖ’
586 2258 742 2307 :tolerata
781 2265 954 2308 χρῶνται,
996 2272 1205 2303 quamquam
1242 2264 1393 2295 Aris-tot.
1428 2263 1533 2296 Polit.
1581 2264 1818 2304 v,1o—13
1884 2264 2037 2296 Charilai
2080 2272 2225 2305 regnum
2258 2265 2479 2303 tyrannidem

225 2323 390 2361 appellat.
441 2323 622 2354 Ducentos
648 2331 758 2354 annos
785 2332 967 2363 numquam
994 2325 1153 2354 turbatae
1178 2321 1276 2361 pacis
1302 2332 1342 2353 ac
1367 2323 1630 2361 tranquillitatis
1656 2325 1697 2353 ab
1723 2325 1830 2354 altero
1866 2324 1955 2355 bello
1978 2323 2156 2355 Messenio
2183 2331 2293 2361 usque
2319 2323 2361 2354 ad
2389 2324 2479 2354 bella

220 2380 363 2411 Persica
388 2378 497 2412 fuisse
524 2381 608 2411 dicit
633 2382 808 2412 Hermann
835 2383 856 2411 l.
883 2381 905 2412 l.
932 2391 963 2421 p.
990 2381 1048 2412 88.
1099 2380 1208 2420 Quam
1235 2381 1345 2420 ipsam
1372 2381 1560 2411 earundem
1588 2382 1704 2421 legum
1730 2380 1786 2420 pic
1815 2381 1978 2419 casteque
2009 2385 2232 2412 servatarum
2258 2381 2479 2420 civitatisque

220 2440 355 2469 formae
380 2443 449 2470 tam
472 2441 530 2470 diu
556 2443 716 2470 retentae
742 2440 1002 2470 diuturnitatem
1040 2440 1219 2478 optimum,
1246 2442 1282 2469 ut
1315 2439 1430 2470 denuo
1463 2448 1506 2470 eo
1530 2442 1749 2470 revertamur
1790 2439 1882 2470 unde
1909 2437 2024 2470 oratio
2049 2442 2169 2469 nostra
2199 2440 2302 2469 toties
2324 2440 2478 2478 protecta

219 2498 293 2536 est,
320 2500 564 2539 argumentum
590 2504 671 2528 esse
697 2498 860 2536 putamus
885 2497 968 2529 nihil
995 2506 1015 2528 a
1031 2499 1199 2538 Lycurgo
1226 2499 1287 2528 aut
1311 2497 1393 2528 novi
1419 2496 1601 2528 inventum
1626 2506 1702 2528 esse
1728 2500 1786 2528 aut
1815 2496 1907 2534 quod
1935 2497 1975 2527 ab
2002 2504 2119 2528 eorum
2143 2495 2330 2538 hominum,
2356 2495 2477 2535 quales

219 2556 305 2587 tunc
331 2557 442 2598 erant,
470 2554 590 2587 indole
615 2556 650 2587 et
675 2557 797 2586 natura
823 2562 969 2596 prorsus
996 2554 1145 2587 alienum
1170 2555 1276 2587 esset.

136 2624 189 2662 ²¹)
217 2623 312 2657 Vide
337 2624 432 2656 illius
457 2626 507 2657 rei
533 2624 845 2688 locupletissimum
871 2627 995 2657 testem
1021 2625 1288 2664 Xenophontem
1317 2624 1360 2656 de
1385 2625 1438 2656 Re
1463 2625 1553 2664 publ.
1580 2625 1662 2655 Lac.
1690 2623 1746 2666 14,
1772 2624 1796 2654 2
1821 2616 1907 2656 οἶδα
1931 2618 1998 2669 γάρ
2023 2619 2186 2670 πρότερον
2217 2622 2280 2666 μὲν
2297 2618 2476 2654 Λακεδαι-

216 2680 363 2726 μονίους
398 2680 632 2727 αἱρουμένους
665 2681 759 2716 οἴκοι
787 2693 834 2715 τα
867 2693 991 2729 μετρια
1028 2679 1178 2727 ἔχοντας
1204 2676 1371 2721 ἀλληλοις
1404 2685 1564 2714 συνεῖναι
1588 2677 1726 2725 μᾶὶλον
1772 2676 1795 2721 ἢ
1837 2676 2058 2730 ἁρμόζοντας
2091 2679 2127 2714 ἐν
2157 2683 2236 2720 ταῖς
2268 2675 2388 2714 πόλεσι
2415 2693 2477 2714 και

217 2735 525 2785 κολακευομενους
555 2736 835 2788 διαφθείρεσθαι
856 2760 899 2765 -
917 2751 984 2773 νυν
1009 2734 1040 2773 δ’
1070 2738 1259 2783 ἐπίσταμαι
1282 2750 1367 2779 τους
1392 2734 1591 2780 δοκοῦντας
1617 2734 1774 2787 πρώτους
1810 2740 1905 2774 εἰναι
1932 2733 2204 2779 ἐσπουδακότας
2233 2750 2279 2780 ως
2303 2734 2476 2783 μηδέποτε

214 2791 404 2832 παύωνται
429 2793 640 2847 ἁρμόζοντες
666 2798 720 2833 ἐπὶ
745 2796 854 2845 ξένης.
894 2800 1041 2831 Multum
1066 2802 1183 2831 tamen
1210 2798 1319 2838 abest,
1348 2800 1385 2830 ut
1409 2802 1551 2840 propter
1575 2801 1663 2831 lianc
1688 2798 1886 2832 studiorum
1914 2799 2168 2836 diversitatem,
2184 2799 2474 2838 quemadmodum

215 2858 251 2891 in
284 2858 410 2891 nostris
445 2859 548 2892 hodie
581 2859 806 2902 civitatibus,
834 2859 884 2890 ita
915 2859 1180 2890 Lacedaemone
1206 2864 1345 2897 quoque
1383 2858 1469 2889 duas
1503 2858 1674 2890 sactiones
1710 2858 1934 2890 adversarias
1970 2857 2078 2888 fuisse
2110 2857 2287 2899 dieamus,
2329 2857 2474 2889 alteram

213 2917 359 2956 antiqua
385 2918 528 2956 quaevis
554 2919 795 2959 probantium,
830 2919 974 2947 alteram
1007 2925 1117 2947 novas
1143 2924 1200 2947 res
1226 2918 1477 2955 appetentium.
1542 2917 1664 2954 Neque
1698 2918 1810 2956 magis
1846 2917 2056 2946 audiendum
2087 2923 2168 2946 esse
2201 2924 2326 2946 censeo
2360 2917 2474 2946 virum

214 2976 367 3014 alioquin
401 2977 561 3017 doctum,
596 2975 674 3007 Chr.
704 2975 956 3015 Heinecfflnm,
990 2975 1047 3013 qui
1078 2975 1110 3005 in
1138 2975 1224 3006 libro
1255 2984 1322 3005 suo
1349 2974 1487 3006 Homer
1510 2983 1548 3007 u.
1573 2973 1727 3014 Lykury
1750 2974 1836 3005 oder
1861 2974 1926 3006 das
1950 2972 2054 3005 Auer-
2077 2973 2143 3004 ἄεν
2167 2971 2281 3005 Iliade
2305 2974 2472 3013 inscripto

214 3035 251 3065 et
272 3033 414 3073 Lipsiae
442 3033 532 3066 1833
556 3035 654 3067 edito
680 3044 712 3074 p.
735 3034 784 3066 88
809 3033 910 3065 dicit:
935 3032 999 3064 das
1025 3030 1244 3073 lirini-allium
1267 3039 1350 3064 war·
1373 3031 1480 3073 lanae
1512 3031 1585 3075 auf
1610 3029 1704 3064 zwei
1730 3029 1943 3065 Indiuiduen
1968 3029 2265 3073 &bayeyanyem
2297 3039 2335 3064 es
2367 3029 2476 3064 stand

206 3088 288 3124 sich
312 3090 369 3125 ein
391 3090 715 3126 aristokratischer
740 3091 815 3125 und
837 3089 893 3124 ein
918 3087 1226 3124 demokraeischer
1251 3086 1371 3131 Kiiniq
1395 3091 1585 3132 entqeyen3
1612 3089 1702 3130 quod
1728 3089 1820 3122 unde
1846 3089 1984 3122 duxerit
2009 3098 2148 3131 prorsus
2172 3089 2307 3132 ignoro.

131 3161 183 3201 ²²)
209 3162 310 3204 Quae
344 3163 500 3202 quaestio
531 3163 601 3195 iam
635 3161 746 3195 multo
777 3163 856 3194 ante
890 3161 1083 3194 novissima
1120 3160 1222 3193 huius
1260 3159 1479 3190 difficultatis
1512 3158 1753 3199 expediendae
1787 3158 1945 3199 pericula
1979 3158 2072 3190 mota
2113 3162 2148 3191 et
2181 3158 2313 3201 agitata
2343 3158 2398 3190 est
2428 3158 2471 3188 ab

210 3219 357 3262 Heynio
381 3222 405 3255 l.
430 3220 456 3253 l.
481 3222 520 3253 T.
545 3222 610 3253 lx.
639 3231 672 3261 p.
700 3219 754 3252 14.

128 3289 184 3333 ²³)
208 3291 327 3331 Atque
349 3292 416 3323 hoc
439 3299 577 3331 quoque
600 3292 678 3323 loco
704 3298 776 3322 non
801 3298 984 3331 possumus
1008 3298 1078 3322 non
1104 3284 1165 3320 vel
1191 3288 1409 3320 doctissimos
1434 3288 1533 3320 viros
1557 3289 1713 3321 eiusdem
1739 3288 1867 3321 erroris
1882 3286 2059 3327 nimiique,
2083 3297 2149 3327 quo
2174 3290 2334 3319 veterum
2358 3295 2470 3318 mores

211 3350 247 3382 et
268 3350 430 3383 instituta
455 3358 495 3383 ex
521 3349 649 3382 nostris
674 3349 816 3393 legibus
841 3352 876 3382 et
900 3347 1210 3383 consuetudinibus
1235 3346 1408 3388 explicare
1434 3348 1616 3385 conantur,
1642 3346 1748 3378 studii
1774 3353 1978 3390 coarguere.
2025 3347 2073 3378 Ut
2091 3345 2182 3378 enim
2206 3345 2352 3376 maxime
2376 3343 2469 3375 illam
